2062 2696
604 308 842 352 INFVSO
856 308 982 350 ΜΛ.
1300 288 1322 359 9‘

200 410 241 450 in
274 407 462 449 medium
503 405 773 461 producitur,
809 405 949 447 exacte
983 406 1040 446 uti
1074 406 1114 445 in
1148 406 1249 447 meis
1283 406 1388 447 Nast

199 477 318 519 dibus
328 492 344 530 ;
379 478 420 517 in
453 475 658 517 nonnullis
691 486 869 531 utroque
903 474 1044 525 modo,
1071 485 1110 515 at
1144 488 1229 516 non
1263 474 1388 516 simui.

199 547 367 600 Species
385 546 628 587 Paramaecii
660 543 1013 599 longitudinaliter
1047 543 1097 585 ab
1131 555 1321 599 utroque,
1345 554 1392 584 ut

201 616 255 656 ita
288 614 436 665 dicam,
472 625 741 670 propagatur,
775 614 953 667 Cyclidii
985 612 1335 668 longitudinaliter
1369 625 1391 653 a

199 684 377 739 postico,
425 685 622 726 Monadis
672 681 999 733 transversaliter,
1047 682 1255 725 Trichodae
1287 692 1393 723 utra-

200 767 282 809 que
327 755 504 803 ratione,
550 753 777 795 Vorticellae
823 751 1025 808 qualibet,
1067 753 1246 806 gemmis
1280 763 1392 791 nem-

201 835 276 876 pe,
311 824 421 872 ovis,
466 820 667 873 foetubus‚
702 823 923 876 partitione
963 819 1184 875 spontanea
1217 832 1393 874 perpen-

203 891 372 933 diculari
407 892 449 934 &
484 891 754 944 transversaili,
788 903 828 933 at
861 904 949 931 non
982 891 1096 931 omni
1136 889 1311 944 fingulae.

326 1030 573 1086 propagatio
627 1043 703 1085 per
758 1030 1023 1084 partitionem
1077 1026 1394 1080 transvevfizlem

201 1102 246 1141 in
265 1100 466 1142 Trichoda
480 1101 627 1155 Lepore
654 1097 975 1155 frequentissime
1005 1096 1127 1138 obvia
1156 1095 1394 1152 sequentem

199 1171 244 1210 in
275 1169 452 1211 modum
484 1169 764 1226 prosequitur:
799 1169 985 1223 primum
1018 1165 1068 1207 ab
1110 1165 1236 1207 altero
1271 1165 1396 1206 latere

202 1237 452 1293 conspicitur
501 1238 673 1280 incisura
731 1240 803 1280 vix
857 1235 1151 1292 perceptibilis,
1205 1235 1302 1277 dein
1344 1234 1395 1275 ab

201 1320 391 1364 utroque,
427 1307 627 1364 denique,
648 1307 853 1350 crescente
887 1308 1079 1361 utrinque
1105 1304 1287 1355 incisura,
1324 1317 1397 1358 po·-

202 1378 298 1417 stica
331 1390 424 1431 pars
459 1391 555 1418 cum
589 1379 716 1431 priori
751 1379 789 1417 in
824 1375 981 1430 puxifito
1016 1374 1154 1415 medio
1177 1375 1300 1415 unice
1330 1386 1396 1414 co-

204 1444 348 1496 haeret,
383 1459 429 1486 ac
463 1446 533 1500 pili
566 1447 687 1486 antici
720 1457 838 1486 extus
873 1444 915 1485 ἃ*
950 1443 1103 1498 puncta
1144 1444 1277 1483 antica
1309 1455 1397 1483 mo-v

204 1514 296 1555 bilia
330 1516 449 1565 intus,
484 1515 633 1570 quibus
667 1528 781 1570 aeque
814 1515 938 1555 micat
972 1526 1019 1553 ac
1053 1523 1205 1563 mater,
1239 1510 1322 1564 jam
1356 1513 1397 1552 in

204 1596 317 1624 novo
358 1584 519 1624 animali
563 1582 892 1637 conspiciuntur3
936 1593 1067 1622 mater
1116 1581 1301 1631 interim,
1352 1592 1399 1621 ut

203 1652 324 1704 solet,
368 1655 656 1703 circumnatat,
691 1664 828 1693 motus
871 1652 1005 1693 varios
1053 1652 1182 1701 ciens,
1204 1661 1250 1691 ut
1282 1648 1319 1690 se
1346 1649 1398 1690 ab

204 1721 439 1764 adhaerente
471 1722 635 1766 liberet3
670 1721 849 1777 denique
882 1719 1118 1770 solvuntur,
1159 1718 1201 1761 δε
1236 1731 1326 1760 tum
1359 1719 1399 1760 fi·-

206 1805 308 1847 gura
341 1791 383 1833 81
418 1793 556 1832 matris
591 1792 634 1834 &
667 1791 755 1833 filiae
788 1792 920 1831 antice
960 1789 1212 1845 aliquantum
1250 1790 1400 1829 acumi-

204 1873 311 1912 nata,
345 1861 501 1915 postice
535 1861 790 1912 obmfiffima,
825 1858 1186 1901 fereorbicularis
1220 1857 1398 1908 videtur,

207 1944 304 1972 cum
338 1942 432 1972 ante
466 1933 729 1985 partitionem
775 1932 816 1971 in
857 1929 996 1971 adulto
1030 1927 1273 1970 animalculo
1308 1937 1401 1968 ova-

205 1999 450 2054 to-oblonga
483 1998 619 2044 fuerit3
640 2000 758 2041 brevi
792 2013 976 2055 urraeque
1009 1997 1191 2040 adultam
1224 1996 1421 2051 figuram*

209 2069 380 2125 adeptae,
415 2083 524 2112 nova
556 2070 779 2124 partitione
811 2068 991 2124 speciem
1029 2077 1275 2123 propagant.

791 2208 820 2248 B
1240 2204 1340 2246 Lon·
