2062 2696
732 297 780 333 18
1065 278 1439 339 I2NFVSpR1A.

662 381 948 439 fusionemque
982 380 1224 436 perplexam
1259 391 1473 436 parerent3
1507 380 1559 422 illi
1593 394 1729 422 tamen
1750 380 1851 436 ssepe

662 454 814 493 iterata'
863 450 1143 493 observatione
1198 450 1478 504 providetur}
1523 449 1618 491 huic
1675 450 1854 491 consului

664 521 932 572 declarando,
984 521 1121 561 omnia
1161 532 1242 573 ope
1285 518 1485 560 lenticulae
1532 534 1550 568 3
1596 517 1854 572 microscopii

662 590 852 644 fimplicis
887 589 1069 645 inquilita
1104 588 1146 630 &
1180 587 1391 642 descripta,
1434 589 1675 643 quotiesque
1707 585 1855 642 majori

661 659 979 712 amplificatione
1018 670 1123 711 opus
1158 656 1262 707 esset,
1296 659 1338 697 in
1371 655 1452 710 ipsa
1486 656 1757 710 descriptione
1788 670 1856 698 ex-

659 727 856 781 pressum,
893 728 1143 781 nominaque
1177 726 1370 780 generica
1417 724 1460 765 δε
1495 725 1662 766 trivialia
1695 724 1856 766 animal-

660 795 873 847 culorum,
915 808 1097 850 quorum
1140 807 1294 849 organa
1333 788 1502 835 externa
1551 792 1623 835 sub
1666 793 1856 835 lenticula

671 880 706 905 1.
739 866 862 906 unice
895 876 1048 919 patent,
1086 863 1220 919 (quod
1254 861 1517 916 rarissimum)
1551 865 1694 918 generi
1726 862 1860 904 nudo·

664 947 760 975 rum
801 947 968 989 quoque
1010 932 1210 986 adscripta
1252 932 1339 972 effe.
1424 933 1617 986 juniora,
1676 944 1858 987 quorum

663 1014 799 1056 partes
838 1016 924 1043 non
957 1015 1072 1057 aeque
1107 1000 1434 1055 distinguimur,
1488 1015 1541 1042 ne
1581 1015 1660 1055 pro
1696 998 1854 1041 diversa

663 1069 797 1124 specie
833 1081 1149 1120 enumerentur,
1185 1069 1235 1110 ad
1268 1081 1461 1120 motum,
1502 1070 1647 1111 locum
1679 1069 1860 1110 natalem

666 1138 707 1181 ὃ(
745 1138 1048 1180 consortionem
1081 1137 1401 1190 attendendum,
1459 1138 1626 1194 ipsaque
1677 1138 1860 1193 repetitis

665 1207 825 1249 vicibus
860 1208 1023 1249 dierum
1056 1206 1272 1249 intervallo
1319 1207 1564 1262 indaganda.
1802 1195 1818 1208 ⁹

806 1347 915 1388 Cum
969 1345 1208 1387 animalcula
1267 1345 1444 1400 plurima
1504 1345 1707 1400 pellucida
1763 1345 1860 1396 sint,

664 1412 863 1458 struck-ira
897 1428 1044 1456 eorum
1078 1416 1236 1455 interna
1270 1414 1312 1456 8<
1347 1426 1517 1456 externa
1550 1429 1665 1470 aeque
1703 1413 1863 1469 conspi-

661 1497 740 1526 cua
774 1485 835 1535 fit,
871 1486 1074 1539 integram
1110 1495 1265 1534 tamen,
1309 1486 1458 1537 partim
1493 1483 1548 1525 ob
1578 1486 1746 1524 nimiam
1771 1496 1863 1538 par-

659 1556 770 1594 ''tium
804 1552 1074 1603 subtilitatem,
1096 1552 1264 1592 oculum
1298 1553 1455 1605 optime
1497 1552 1739 1593 instructum
1781 1551 1861 1592 elu-

663 1622 864 1672 dentium,
901 1623 1064 1675 partim,
1112 1621 1226 1676 quod
1260 1634 1351 1661 raro
1386 1634 1511 1661 omne
1543 1621 1645 1662 latus
1678 1619 1861 1662 observa-

664 1693 743 1732 tori
777 1690 1014 1742 advertant,
1049 1691 1293 1746 quotiesque
1328 1692 1480 1741 evenit,
1517 1702 1624 1730 tanta
1658 1689 1859 1731 celeritate

663 1761 706 1800 in
748 1759 865 1801 situm
908 1759 1126 1813 pristinum
1160 1769 1437 1810 revertuntur>
1472 1770 1519 1800 ut
1550 1757 1752 1812 judicium
1785 1757 1862 1799 fer-

660 1843 710 1868 ·re
743 1831 880 1870 minus
912 1829 1052 1879 liceat,
1092 1827 1236 1869 videre
1269 1841 1355 1869 non
1399 1827 1560 1882 semper
1599 1829 1860 1882 permittitur.

662 1897 730 1938 Sic
766 1898 970 1938 KoLPonA
1003 1897 1194 1938 Cucullus
1227 1896 1432 1952 plerisque
1466 1898 1734 1937 minimorum
1768 1909 1860 1949 per-

658 1965 946 2007 *contatoribus
979 1977 1075 2006 nota
1109 1965 1150 2006 ἃ
1184 1964 1504 2006 membranacea
1537 1963 1638 2015 visa,
1672 1963 1774 2005 mihi
1809 1975 1861 2005 ta-

660 2042 780 2085 men,
817 2034 857 2076 δι
893 2034 1062 2090 quidem
1097 2033 1188 2087 post
1228 2034 1450 2088 plurimam
1499 2033 1538 2075 &
1581 2033 1861 2088 faepenumero

664 2105 895 2144 reiteratam
935 2102 1265 2145 observationem
1309 2102 1470 2143 cucullo
1505 2102 1751 2158 laminisque
1797 2103 1861 2142 tri-

666 2172 744 2214 bus
765 2173 947 2215 constare
965 2174 1149 2227 primum
1176 2170 1390 2227 conspecta
1418 2172 1484 2214 est.
1719 2171 1796 2213 Im-
