2062 2696
622 293 905 333 -VOLVOX‚
1280 308 1324 340 31

466 394 503 441 8.
539 392 580 433 V
590 392 626 433 O
639 393 672 432 L
683 392 774 443 VO
786 393 827 433 X
860 406 1106 439 summum.

245 509 430 554 VOLvox
444 509 661 566 sphaericus
680 511 893 553 moleculis
914 511 1151 554 sunssaribus
1172 514 1374 556 rotundis.

330 626 423 665 Dan.
461 641 828 665 somnum-varrum.

279 742 407 778 Globus
425 755 462 777 ex
481 742 610 790 punstis
625 743 794 792 pellucidis
818 744 1052 790 homogeneis,
1077 743 1302 791 magnitudine
1330 743 1375 779 di-

179 790 296 831 verfis,
323 789 503 831 confestus,
1016 807 1021 811 ⁷

279 853 402 890 Motus
421 856 545 895 lentus,
573 870 591 892 a
611 856 720 892 dextra
738 856 777 892 ad
796 855 953 892 sinistram
976 858 1031 892 vix
1050 856 1135 892 ultra
1158 858 1374 904 quadrantem

177 903 288 938 circuli
307 904 339 938 ἃ
363 917 441 939 mox
458 904 569 940 rursus
591 919 607 940 a
627 905 747 942 finistra
764 907 799 941 in
827 906 985 945 dextram,

276 968 342 1000 Hic
359 967 501 1014 quidem,
512 968 620 1015 quoad
632 967 913 1016 compositionem,
922 967 1088 1005 Proteum
1098 970 1244 1003 Rouszm
1262 967 1388 1008 1·efert‚'

174 1017 319 1062 margine
337 1029 417 1051 vero
431 1018 609 1065 pellucido,
640 1019 698 1065 qui
724 1017 756 1052 ὅ(
774 1017 888 1063 figuris
910 1018 942 1053 ἃ
963 1018 1072 1054 verbis
1088 1017 1160 1067 jttf
1174 1031 1205 1065 3.
1228 1022 1372 1067 p.·621·

175 1077 200 1102 t.
217 1078 305 1104 101.
324 1067 503 1105 indicatur,
530 1066 663 1115 prorsus
684 1066 885 1111 destituitur,
1176 1079 1178 1081 ·

273 1132 313 1165 In
329 1129 447 1176 stagnis
465 1143 642 1174 autumn03
668 1132 778 1165 minus
795 1128 962 1180 frequens,

272 1195 422 1234 Neuter,
448 1193 566 1231 lunula
594 1193 627 1229 ὅτ
643 1191 823 1243 sphoerula‚
843 1194 926 1230 mihi
946 1206 1094 1243 unquam
1110 1193 1250 1242 figuram
1269 1207 1374 1231 muta-

174 1245 240 1287 vit;
266 1256 405 1291 uterque
426 1246 566 1280 Naturae
597 1242 791 1292 opusculum
822 1257 982 1293 perquam
1008 1243 1143 1293 simplex
1180 1258 1219 1280 ex
1245 1245 1373 1280 animal-

173 1294 253 1328 culis
274 1295 408 1328 omnino
428 1293 618 1329 fimilaribus
634 1293 755 1342 absque
774 1295 836 1330 ulla
852 1295 1011 1343 particula
1019 1295 1254 1340 heremgenea,
1274 1307 1374 1343 quan-

173 1355 245 1378 tum
265 1342 479 1391 microscopio
498 1343 604 1388 detegi
613 1345 733 1392 potuit,
760 1343 975 1391 comp-astum,
1001 1347 1261 1380 microcosmum
1271 1355 1372 1391 quen-

173 1392 248 1427 dam
275 1392 470 1427 constituere
494 1392 642 1435 videnlr3
667 1405 726 1427 nec
749 1405 857 1428 tamen
877 1394 1013 1428 meliore
1035 1394 1128 1440 jure,
1163 1406 1263 1440 quam
1290 1394 1372 1428 olim

171 1440 354 1482 mundussa
372 1443 537 1477 nonnullis
560 1439 850 1491 philosophorum,
893 1443 1011 1477 animal
1038 1443 1231 1485 dicendum
1259 1454 1373 1478 motus

171 1492 263 1526 enim
283 1493 383 1527 totius
398 1490 503 1527 maffae
520 1491 705 1532 moleculis,
738 1504 777 1526 ex
791 1491 909 1539 quibus
929 1494 1157 1540 componitur,
1192 1491 1306 1527 deberi
1323 1493 1372 1527 vi-

170 1541 274 1576 detur.
307 1539 451 1588 Systema
469 1553 649 1587 utrumque
667 1540 720 1580 est,
747 1542 951 1588 planetarum
968 1543 1115 1582 alterum,
1142 1542 1281 1577 alterum
1299 1553 1372 1577 mo-

168 1591 354 1630 lmula-um,
381 1591 462 1625 circa
480 1602 630 1625 centrum
647 1587 711 1625 sese
729 1590 816 1625 haud
834 1589 969 1626 absimili
992 1603 1087 1627 motu
1105 1592 1325 1631 volventium,

269 1656 309 1688 In
326 1653 441 1690 arbore
467 1655 501 1693 ³·‚
528 1666 592 1701 qua
606 1655 641 1688 in
659 1653 824 1702 duplicem
840 1666 1004 1693 truncum,
1031 1655 1204 1689 animalem
1220 1653 1253 1689 ὅ(
1271 1666 1370 1700 vege-

168 1702 301 1740 tabiiem
331 1702 430 1739 divisa
455 1703 706 1739 adumbraretur
732 1715 917 1751 corporum
946 1704 1178 1750 organicorum
1212 1702 1370 1752 systema,

166 1752 326 1802 sphaerula
341 1754 410 1789 haec
425 1765 501 1789 cum
516 1752 721 1789 Monadibus
745 1753 832 1787 inter
851 1753 999 1789 animalia
1016 1752 1170 1789 infimum
1188 1754 1306 1789 radicis
1324 1755 1371 1788 lo-

166 1815 245 1839 tum
261 1815 455 1852 occupatura
472 1805 547 1843 erit,
573 1802 853 1850 quemadmodum
871 1804 958 1837 inter
980 1803 1171 1849 vegetabilia
1187 1804 1247 1838 alia
1265 1802 1368 1852 sphae-

165 1854 238 1888 rula
260 1854 290 1888 ei
311 1851 437 1892 forma,
463 1851 662 1901 simplicitate
690 1852 723 1888 &
748 1853 821 1887 loco
849 1853 945 1888 natali
969 1851 1147 1893 simillima,
1172 1853 1239 1888 huc
1262 1865 1370 1902 usque

165 1903 295 1950 ignota,
320 1902 414 1951 cujus
431 1901 678 1953 descriptionem
697 1903 932 1952 opportuniori
954 1904 1099 1955 tempori
1112 1901 1216 1940 servo.

1094 2045 1137 2090 9.
1164 2031 1304 2078 VOL-

254 2158 276 2195 2
298 2156 374 2192 Pan.
388 2156 525 2190 elenchus
541 2157 583 2187 zo
596 2155 700 2198 opbyt.
714 2166 744 2197 p.
759 2166 811 2200 23.
