2062 2696
688 286 710 318 6
1023 277 1399 320 INFVSORIA.

749 372 837 427 Ipse
870 374 1059 424 Linneus,
1084 372 1267 416 summus
1301 376 1570 415 animantium
1605 376 1814 427 collector,

622 443 690 498 qui
706 443 926 499 Spongiam
960 443 1186 493 lacnstrem,
1213 443 1348 485 dubiae
1381 444 1633 486 animalitatis
1666 444 1818 498 subjee-

622 524 723 563 tum,
758 512 945 566 adoptari
980 526 1065 553 non
1100 512 1329 565 dubitabat,
1370 515 1412 554 in
1449 514 1610 556 mundo
1647 514 1818 556 invifibi-

621 581 663 632 li,
712 581 765 623 de
814 569 896 637 quo
946 581 1264 624 dissertationem
1314 582 1451 634 dedit,
1502 582 1671 637 hospes,
1722 597 1819 625 curn

622 650 809 704 pluribus
856 651 1053 705 ambigit,
1113 665 1166 692 an
1217 649 1409 693 infusoria
1451 652 1528 693 sint
1573 669 1711 705 corpora
1745 659 1821 692 viva

622 721 752 764 organis
784 719 950 759 instrufih„
984 732 1023 753 an
1066 732 1146 753 vero
1185 720 1269 754 aliud
1311 721 1495 768 quidpiam,
1532 722 1687 768 (lilinum,
1735 725 1820 759 oleo-

622 789 693 824 sum
711 789 771 825 διε.
807 785 1077 839 Nomineque
1100 781 1302 838 specifico,
1328 783 1502 827 infausto
1522 786 1622 838 satis,
1649 799 1821 842 gentem

622 856 849 895 innumeris
874 852 1086 909 speciebus
1105 852 1341 896 affluentem
1367 857 1409 897 in
1428 856 1616 897 tenebras
1641 855 1820 898 damnat.

747 993 926 1035 Minime
960 1003 1098 1033 tamen
1148 990 1215 1034 sua
1255 992 1374 1035 laude
1419 992 1691 1037 defraudandi
1743 995 1821 1036 viri

622 1066 665 1105 in
697 1062 1011 1117 percontatione
1044 1063 1316 1103 minimorum
1349 1063 1537 1118 insignes,
1558 1074 1707 1118 praeter
1734 1061 1821 1116 jam

622 1133 856 1173 nominatos
871 1128 1024 1184 Joblot,
1036 1130 1179 1181 Baker,
1191 1131 1416 1186 Trembley,
1433 1133 1653 1184 Reammtr,
1672 1130 1820 1187 Roefi’l,

622 1200 912 1250 Ledermuller,
932 1200 1113 1251 Bonnet,
1143 1201 1376 1257 Wrisberg,
1394 1202 1543 1253 Pallas,
1568 1202 1821 1245 Mchhhau-

609 1269 702 1326 sen,
736 1268 925 1323 Sargffizre
960 1268 1002 1310 8<
1035 1268 1098 1310 alii
1132 1268 1269 1311 verbis
1308 1273 1513 1326 aeneisque
1546 1271 1699 1326 figuris,
1735 1273 1821 1325 opi-

624 1340 737 1380 nioni
793 1338 1076 1394 quorundam,
1128 1341 1308 1380 maxime
1370 1340 1607 1391 Gallorum,
1648 1342 1690 1381 in
1743 1341 1820 1380 ani-

624 1408 802 1451 malitate
841 1405 1134 1449 infusoriorum
1174 1408 1296 1449 oculo
1339 1409 1381 1450 &
1416 1421 1556 1450 mente
1590 1411 1822 1451 coecutien-

624 1481 747 1528 tium,
781 1491 834 1518 ex
875 1488 990 1530 parte
1031 1476 1297 1519 obluctantes.
1363 1479 1441 1520 His
1490 1476 1821 1532 Leeuwenffleff)

624 1545 708 1600 jam
765 1557 858 1586 ante
916 1557 1084 1586 centum
1141 1559 1270 1586 annos
1318 1548 1497 1600 regerit:
1548 1550 1700 1584 dominos
1746 1550 1817 1599 ilios

624 1614 774 1650 nondum
808 1626 936 1649 tantum
962 1611 1144 1661 profeciffe,
1172 1628 1209 1649 ut
1243 1627 1294 1648 res
1329 1614 1415 1649 recle
1448 1615 1648 1651 oblervando
1680 1630 1823 1652 contem-

624 1684 707 1732 plari
744 1682 879 1718 valeant.
985 1678 1253 1733 Popularium
1325 1692 1518 1721 meorum
1601 1680 1822 1722 incredulis

626 1753 783 1806 primus
838 1748 1020 1808 aspeeffis
1082 1749 1240 1789 entium
1289 1750 1330 1790 in
1385 1748 1610 1804 quamlibet
1654 1750 1823 1806 plagam

624 1819 770 1876 sponte
810 1821 1051 1875 vagantium
1097 1831 1268 1860 omnem
1328 1818 1600 1861 diffidentiam
1651 1818 1821 1870 sustulit,

625 1902 788 1945 unaque
848 1887 948 1941 justa
997 1886 1225 1930 observatio
1278 1890 1538 1929 ratiocinium
1610 1890 1822 1942 experien-

628 1960 689 2000 tiae
722 1957 898 1999 ancillari
947 1955 1065 2010 juffit.
1161 1957 1333 1999 Addam
1379 1956 1542 2011 insuper
1583 1971 1634 1998 ex
1669 1958 1820 1998 centies

626 2028 806 2082 repetitis
855 2025 1208 2070 observationibus
1249 2039 1412 2069 motum
1455 2026 1728 2081 spontaneum
1779 2028 1821 2067 in

1659 2096 1760 2138 indi·

671 2194 705 2230 *)
729 2193 837 2224 Arcan,
854 2197 910 2224 not,
925 2202 952 2229 p.
974 2203 1027 2231 90.
