<?xml version="1.0" encoding="UTF-8"?>
<!DOCTYPE html PUBLIC "-//W3C//DTD XHTML 1.0 Transitional//EN"
    "http://www.w3.org/TR/xhtml1/DTD/xhtml1-transitional.dtd">
<html xmlns="http://www.w3.org/1999/xhtml" xml:lang="en" lang="en">
 <head>
  <title>
</title>
<meta http-equiv="Content-Type" content="text/html;charset=utf-8" />
  <meta name='ocr-system' content='tesseract 3.04.00' />
  <meta name='ocr-capabilities' content='ocr_page ocr_carea ocr_par ocr_line ocrx_word'/>
</head>
<body>
  <div class='ocr_page' id='page_1' title='image "./vermivmterrestri01ml_0222.png"; bbox 0 0 2062 2696; ppageno 0'>
   <div class='ocr_carea' id='block_1_1' title="bbox 656 303 1427 348">
    <p class='ocr_par' dir='ltr' id='par_1_1' title="bbox 656 303 1427 348">
     <span class='ocr_line' id='line_1_1' title="bbox 656 303 1427 348; baseline -0.001 -9"><span class='ocrx_word' id='word_1_1' title='bbox 656 305 705 348; x_wconf 84' lang='lat'>56</span> <span class='ocrx_word' id='word_1_2' title='bbox 983 303 1427 338; x_wconf 85' lang='lat' dir='ltr'><strong>HELMINTHICA.</strong></span> 
     </span>
    </p>
   </div>
   <div class='ocr_carea' id='block_1_2' title="bbox 664 409 1761 569">
    <p class='ocr_par' dir='ltr' id='par_1_2' title="bbox 664 409 1761 569">
     <span class='ocr_line' id='line_1_2' title="bbox 898 409 1532 460; baseline -0.002 -9"><span class='ocrx_word' id='word_1_3' title='bbox 898 412 997 460; x_wconf 83' lang='lat'>182.</span> <span class='ocrx_word' id='word_1_4' title='bbox 1029 409 1364 452; x_wconf 88' lang='lat' dir='ltr'>FASCIOLA</span> <span class='ocrx_word' id='word_1_5' title='bbox 1397 420 1532 450; x_wconf 82' lang='lat' dir='ltr'>GULo.</span> 
     </span>
     <span class='ocr_line' id='line_1_3' title="bbox 664 514 1761 569; baseline 0 -14"><span class='ocrx_word' id='word_1_6' title='bbox 664 514 882 555; x_wconf 78' lang='lat' dir='ltr'>FAscmLA</span> <span class='ocrx_word' id='word_1_7' title='bbox 915 514 1125 569; x_wconf 84' lang='lat' dir='ltr'>elongata,</span> <span class='ocrx_word' id='word_1_8' title='bbox 1159 514 1376 569; x_wconf 79' lang='lat' dir='ltr'>pellucida,</span> <span class='ocrx_word' id='word_1_9' title='bbox 1409 515 1538 555; x_wconf 72' lang='lat' dir='ltr'>amice</span> <span class='ocrx_word' id='word_1_10' title='bbox 1571 524 1761 556; x_wconf 84' lang='lat' dir='ltr'>truncata.</span> 
     </span>
    </p>
   </div>
   <div class='ocr_carea' id='block_1_3' title="bbox 803 625 1308 663">
    <p class='ocr_par' dir='ltr' id='par_1_3' title="bbox 803 625 1308 663">
     <span class='ocr_line' id='line_1_4' title="bbox 803 625 1308 663; baseline 0 -4"><span class='ocrx_word' id='word_1_11' title='bbox 803 625 890 662; x_wconf 76' lang='lat' dir='ltr'>Dan,</span> <span class='ocrx_word' id='word_1_12' title='bbox 919 638 1025 660; x_wconf 77' lang='lat' dir='ltr'>sLUG-</span> <span class='ocrx_word' id='word_1_13' title='bbox 1038 638 1126 661; x_wconf 83' lang='lat' dir='ltr'>FLAD</span> <span class='ocrx_word' id='word_1_14' title='bbox 1145 646 1155 651; x_wconf 88' lang='lat'><em>-</em></span> <span class='ocrx_word' id='word_1_15' title='bbox 1174 637 1308 663; x_wconf 74' lang='lat' dir='ltr'>oRMEN.</span> 
     </span>
    </p>
   </div>
   <div class='ocr_carea' id='block_1_4' title="bbox 600 727 1826 1224">
    <p class='ocr_par' dir='ltr' id='par_1_4' title="bbox 600 727 1826 1224">
     <span class='ocr_line' id='line_1_5' title="bbox 702 727 1825 767; baseline -0.001 -4"><span class='ocrx_word' id='word_1_16' title='bbox 702 730 809 763; x_wconf 83' lang='lat' dir='ltr'>Prima</span> <span class='ocrx_word' id='word_1_17' title='bbox 827 728 906 764; x_wconf 85' lang='lat' dir='ltr'>facie</span> <span class='ocrx_word' id='word_1_18' title='bbox 928 733 963 767; x_wconf 84' lang='lat' dir='ltr'>F.</span> <span class='ocrx_word' id='word_1_19' title='bbox 981 730 1117 764; x_wconf 53' lang='lat' dir='ltr'>filiatam</span> <span class='ocrx_word' id='word_1_20' title='bbox 1136 727 1245 767; x_wconf 78' lang='lat' dir='ltr'>refert.</span> <span class='ocrx_word' id='word_1_21' title='bbox 1302 731 1406 765; x_wconf 88' lang='lat' dir='ltr'>Oculo</span> <span class='ocrx_word' id='word_1_22' title='bbox 1424 730 1512 765; x_wconf 90' lang='lat' dir='ltr'>nudo</span> <span class='ocrx_word' id='word_1_23' title='bbox 1529 731 1608 765; x_wconf 80' lang='lat' dir='ltr'>linea</span> <span class='ocrx_word' id='word_1_24' title='bbox 1625 728 1724 764; x_wconf 84' lang='lat' dir='ltr'>albida</span> <span class='ocrx_word' id='word_1_25' title='bbox 1743 754 1753 767; x_wconf 87' lang='lat'><em>‚</em></span> <span class='ocrx_word' id='word_1_26' title='bbox 1779 741 1825 762; x_wconf 82' lang='lat' dir='ltr'>ar·</span> 
     </span>
     <span class='ocr_line' id='line_1_6' title="bbox 600 776 1824 828; baseline -0.001 -15"><span class='ocrx_word' id='word_1_27' title='bbox 600 790 689 813; x_wconf 81' lang='lat' dir='ltr'>mato</span> <span class='ocrx_word' id='word_1_28' title='bbox 716 792 833 826; x_wconf 84' lang='lat' dir='ltr'>corpus</span> <span class='ocrx_word' id='word_1_29' title='bbox 859 780 1072 828; x_wconf 89' lang='lat' dir='ltr'>pellucidum,</span> <span class='ocrx_word' id='word_1_30' title='bbox 1104 778 1324 824; x_wconf 85' lang='lat' dir='ltr'>granulosum,</span> <span class='ocrx_word' id='word_1_31' title='bbox 1362 782 1545 825; x_wconf 81' lang='lat' dir='ltr'>elongatum</span> <span class='ocrx_word' id='word_1_32' title='bbox 1569 805 1576 820; x_wconf 90' lang='lat'>‚</span> <span class='ocrx_word' id='word_1_33' title='bbox 1613 776 1795 827; x_wconf 74' lang='lat' dir='ltr'>depressum</span> <span class='ocrx_word' id='word_1_34' title='bbox 1814 803 1824 816; x_wconf 84' lang='lat'><em>,</em></span> 
     </span>
     <span class='ocr_line' id='line_1_7' title="bbox 601 826 1824 878; baseline -0.001 -16"><span class='ocrx_word' id='word_1_35' title='bbox 601 829 765 863; x_wconf 78' lang='lat' dir='ltr'>latitudine</span> <span class='ocrx_word' id='word_1_36' title='bbox 781 826 849 862; x_wconf 83' lang='lat' dir='ltr'>fere</span> <span class='ocrx_word' id='word_1_37' title='bbox 868 830 977 876; x_wconf 74' lang='lat' dir='ltr'>:equali</span> <span class='ocrx_word' id='word_1_38' title='bbox 990 854 997 865; x_wconf 86' lang='lat'>‚</span> <span class='ocrx_word' id='word_1_39' title='bbox 1022 831 1123 863; x_wconf 81' lang='lat' dir='ltr'>amice</span> <span class='ocrx_word' id='word_1_40' title='bbox 1142 840 1324 865; x_wconf 78' lang='lat' dir='ltr'>truncatum</span> <span class='ocrx_word' id='word_1_41' title='bbox 1341 855 1349 869; x_wconf 87' lang='lat'>,</span> <span class='ocrx_word' id='word_1_42' title='bbox 1373 829 1493 878; x_wconf 79' lang='lat' dir='ltr'>postiee</span> <span class='ocrx_word' id='word_1_43' title='bbox 1512 830 1726 864; x_wconf 77' lang='lat' dir='ltr'>acuminatum</span> <span class='ocrx_word' id='word_1_44' title='bbox 1745 840 1824 862; x_wconf 86' lang='lat' dir='ltr'>mar-</span> 
     </span>
     <span class='ocr_line' id='line_1_8' title="bbox 600 877 1826 922; baseline 0 -11"><span class='ocrx_word' id='word_1_45' title='bbox 600 879 675 922; x_wconf 87' lang='lat' dir='ltr'>gine</span> <span class='ocrx_word' id='word_1_46' title='bbox 693 879 784 912; x_wconf 89' lang='lat' dir='ltr'>omni</span> <span class='ocrx_word' id='word_1_47' title='bbox 810 877 890 912; x_wconf 82' lang='lat' dir='ltr'>striis</span> <span class='ocrx_word' id='word_1_48' title='bbox 917 877 1118 913; x_wconf 81' lang='lat' dir='ltr'>subtiliffimis</span> <span class='ocrx_word' id='word_1_49' title='bbox 1145 877 1347 921; x_wconf 79' lang='lat' dir='ltr'>teffulutum3</span> <span class='ocrx_word' id='word_1_50' title='bbox 1372 880 1440 914; x_wconf 81' lang='lat' dir='ltr'>cilia</span> <span class='ocrx_word' id='word_1_51' title='bbox 1470 879 1580 914; x_wconf 77' lang='lat' dir='ltr'>nullibi</span> <span class='ocrx_word' id='word_1_52' title='bbox 1614 892 1655 913; x_wconf 88' lang='lat' dir='ltr'>ne</span> <span class='ocrx_word' id='word_1_53' title='bbox 1688 890 1826 914; x_wconf 81' lang='lat' dir='ltr'>maxuna</span> 
     </span>
     <span class='ocr_line' id='line_1_9' title="bbox 601 927 1826 977; baseline -0.001 -16"><span class='ocrx_word' id='word_1_54' title='bbox 601 928 731 975; x_wconf 84' lang='lat' dir='ltr'>quidem</span> <span class='ocrx_word' id='word_1_55' title='bbox 760 927 1006 976; x_wconf 83' lang='lat' dir='ltr'>amplificatione</span> <span class='ocrx_word' id='word_1_56' title='bbox 1032 928 1257 977; x_wconf 74' lang='lat' dir='ltr'>perceptibilia.</span> <span class='ocrx_word' id='word_1_57' title='bbox 1311 932 1348 964; x_wconf 90' lang='lat' dir='ltr'>In</span> <span class='ocrx_word' id='word_1_58' title='bbox 1375 943 1445 964; x_wconf 81' lang='lat' dir='ltr'>area</span> <span class='ocrx_word' id='word_1_59' title='bbox 1469 931 1567 963; x_wconf 84' lang='lat' dir='ltr'>antica</span> <span class='ocrx_word' id='word_1_60' title='bbox 1599 929 1721 963; x_wconf 71' lang='lat' dir='ltr'>lineola:</span> <span class='ocrx_word' id='word_1_61' title='bbox 1757 927 1826 961; x_wconf 81' lang='lat' dir='ltr'>duae</span> 
     </span>
     <span class='ocr_line' id='line_1_10' title="bbox 601 977 1826 1026; baseline -0.002 -15"><span class='ocrx_word' id='word_1_62' title='bbox 601 978 814 1017; x_wconf 82' lang='lat' dir='ltr'>collaterales,</span> <span class='ocrx_word' id='word_1_63' title='bbox 853 991 924 1026; x_wconf 76' lang='lat' dir='ltr'>quae</span> <span class='ocrx_word' id='word_1_64' title='bbox 954 978 1082 1024; x_wconf 75' lang='lat' dir='ltr'>vestigia</span> <span class='ocrx_word' id='word_1_65' title='bbox 1108 980 1331 1013; x_wconf 76' lang='lat' dir='ltr'>articulationis</span> <span class='ocrx_word' id='word_1_66' title='bbox 1355 981 1422 1013; x_wconf 78' lang='lat' dir='ltr'>oris</span> <span class='ocrx_word' id='word_1_67' title='bbox 1439 978 1550 1014; x_wconf 88' lang='lat' dir='ltr'>subtus</span> <span class='ocrx_word' id='word_1_68' title='bbox 1565 978 1630 1017; x_wconf 83' lang='lat' dir='ltr'>siti,</span> <span class='ocrx_word' id='word_1_69' title='bbox 1660 977 1702 1013; x_wconf 91' lang='lat' dir='ltr'>ob</span> <span class='ocrx_word' id='word_1_70' title='bbox 1724 988 1826 1012; x_wconf 83' lang='lat' dir='ltr'>trans-</span> 
     </span>
     <span class='ocr_line' id='line_1_11' title="bbox 600 1026 1824 1075; baseline -0.001 -15"><span class='ocrx_word' id='word_1_71' title='bbox 600 1028 775 1075; x_wconf 72' lang='lat' dir='ltr'>parentiam</span> <span class='ocrx_word' id='word_1_72' title='bbox 795 1038 901 1062; x_wconf 75' lang='lat' dir='ltr'>tamen</span> <span class='ocrx_word' id='word_1_73' title='bbox 916 1029 1032 1075; x_wconf 89' lang='lat' dir='ltr'>quovis</span> <span class='ocrx_word' id='word_1_74' title='bbox 1056 1027 1169 1063; x_wconf 80' lang='lat' dir='ltr'>haustu</span> <span class='ocrx_word' id='word_1_75' title='bbox 1189 1026 1326 1075; x_wconf 75' lang='lat' dir='ltr'>superne</span> <span class='ocrx_word' id='word_1_76' title='bbox 1347 1028 1484 1063; x_wconf 76' lang='lat' dir='ltr'>visibilis.</span> <span class='ocrx_word' id='word_1_77' title='bbox 1538 1029 1590 1062; x_wconf 80' lang='lat' dir='ltr'>Ab</span> <span class='ocrx_word' id='word_1_78' title='bbox 1619 1040 1675 1063; x_wconf 90' lang='lat' dir='ltr'>ore</span> <span class='ocrx_word' id='word_1_79' title='bbox 1700 1028 1732 1060; x_wconf 87' lang='lat' dir='ltr'>in</span> <span class='ocrx_word' id='word_1_80' title='bbox 1759 1038 1824 1060; x_wconf 89' lang='lat' dir='ltr'>ter-</span> 
     </span>
     <span class='ocr_line' id='line_1_12' title="bbox 601 1075 1823 1125; baseline -0.002 -15"><span class='ocrx_word' id='word_1_81' title='bbox 601 1078 677 1110; x_wconf 84' lang='lat' dir='ltr'>tiam</span> <span class='ocrx_word' id='word_1_82' title='bbox 698 1079 845 1122; x_wconf 86' lang='lat' dir='ltr'>corporis</span> <span class='ocrx_word' id='word_1_83' title='bbox 872 1078 1106 1122; x_wconf 84' lang='lat' dir='ltr'>longitudinem</span> <span class='ocrx_word' id='word_1_84' title='bbox 1134 1079 1339 1125; x_wconf 83' lang='lat' dir='ltr'>protenditur</span> <span class='ocrx_word' id='word_1_85' title='bbox 1368 1077 1497 1112; x_wconf 87' lang='lat' dir='ltr'>tubulus</span> <span class='ocrx_word' id='word_1_86' title='bbox 1523 1076 1706 1111; x_wconf 83' lang='lat' dir='ltr'>cristallinus</span> <span class='ocrx_word' id='word_1_87' title='bbox 1724 1100 1732 1114; x_wconf 94' lang='lat'><em>,</em></span> <span class='ocrx_word' id='word_1_88' title='bbox 1768 1075 1823 1122; x_wconf 83' lang='lat' dir='ltr'>qui</span> 
     </span>
     <span class='ocr_line' id='line_1_13' title="bbox 600 1124 1822 1174; baseline -0.001 -15"><span class='ocrx_word' id='word_1_89' title='bbox 600 1139 635 1160; x_wconf 82' lang='lat' dir='ltr'>oe</span> <span class='ocrx_word' id='word_1_90' title='bbox 650 1127 790 1172; x_wconf 67' lang='lat' dir='ltr'>ophqgas</span> <span class='ocrx_word' id='word_1_91' title='bbox 807 1152 816 1164; x_wconf 96' lang='lat'>,</span> <span class='ocrx_word' id='word_1_92' title='bbox 855 1128 887 1160; x_wconf 85' lang='lat' dir='ltr'>in</span> <span class='ocrx_word' id='word_1_93' title='bbox 913 1133 1050 1161; x_wconf 81' lang='lat' dir='ltr'>ventrem</span> <span class='ocrx_word' id='word_1_94' title='bbox 1077 1124 1333 1174; x_wconf 69' lang='lat' dir='ltr'>capacissimum,</span> <span class='ocrx_word' id='word_1_95' title='bbox 1377 1127 1580 1172; x_wconf 85' lang='lat' dir='ltr'>oblongum,</span> <span class='ocrx_word' id='word_1_96' title='bbox 1624 1126 1822 1160; x_wconf 89' lang='lat' dir='ltr'>nutrimento</span> 
     </span>
     <span class='ocr_line' id='line_1_14' title="bbox 600 1177 1467 1224; baseline 0 -15"><span class='ocrx_word' id='word_1_97' title='bbox 600 1177 762 1224; x_wconf 85' lang='lat' dir='ltr'>repletum</span> <span class='ocrx_word' id='word_1_98' title='bbox 778 1200 786 1214; x_wconf 87' lang='lat'><strong><em>,</em></strong></span> <span class='ocrx_word' id='word_1_99' title='bbox 814 1188 966 1223; x_wconf 72' lang='lat' dir='ltr'>opacum,</span> <span class='ocrx_word' id='word_1_100' title='bbox 989 1189 1128 1210; x_wconf 81' lang='lat' dir='ltr'>vacuum</span> <span class='ocrx_word' id='word_1_101' title='bbox 1146 1188 1225 1209; x_wconf 78' lang='lat' dir='ltr'>vero</span> <span class='ocrx_word' id='word_1_102' title='bbox 1243 1177 1467 1223; x_wconf 84' lang='lat' dir='ltr'>pellucentem.</span> 
     </span>
    </p>
   </div>
   <div class='ocr_carea' id='block_1_5' title="bbox 598 1254 1823 1354">
    <p class='ocr_par' dir='ltr' id='par_1_5' title="bbox 598 1254 1823 1354">
     <span class='ocr_line' id='line_1_15' title="bbox 646 1254 1823 1339; baseline 0 -49"><span class='ocrx_word' id='word_1_103' title='bbox 646 1304 669 1339; x_wconf 76' lang='lat' dir='ltr'>st</span> <span class='ocrx_word' id='word_1_104' title='bbox 700 1255 831 1304; x_wconf 73' lang='lat' dir='ltr'>Inceffm</span> <span class='ocrx_word' id='word_1_105' title='bbox 860 1269 923 1305; x_wconf 81' lang='lat' dir='ltr'>pro</span> <span class='ocrx_word' id='word_1_106' title='bbox 949 1256 1054 1291; x_wconf 83' lang='lat' dir='ltr'>lubitu</span> <span class='ocrx_word' id='word_1_107' title='bbox 1078 1257 1182 1291; x_wconf 83' lang='lat' dir='ltr'>lentus</span> <span class='ocrx_word' id='word_1_108' title='bbox 1207 1256 1241 1290; x_wconf 73' lang='grc' dir='ltr'>ἃ</span> <span class='ocrx_word' id='word_1_109' title='bbox 1260 1256 1346 1290; x_wconf 86' lang='lat' dir='ltr'>celer</span> <span class='ocrx_word' id='word_1_110' title='bbox 1370 1257 1459 1291; x_wconf 88' lang='lat' dir='ltr'>varie</span> <span class='ocrx_word' id='word_1_111' title='bbox 1483 1254 1644 1292; x_wconf 64' lang='lat' dir='ltr'>flefflendo</span> <span class='ocrx_word' id='word_1_112' title='bbox 1677 1256 1823 1305; x_wconf 83' lang='lat' dir='ltr'>corporis</span> 
     </span>
     <span class='ocr_line' id='line_1_16' title="bbox 598 1318 760 1354; baseline 0.019 -15"><span class='ocrx_word' id='word_1_113' title='bbox 598 1318 643 1354; x_wconf 84' lang='lat' dir='ltr'>po</span> <span class='ocrx_word' id='word_1_114' title='bbox 673 1319 760 1342; x_wconf 77' lang='lat' dir='ltr'>icam.</span> 
     </span>
    </p>
   </div>
   <div class='ocr_carea' id='block_1_6' title="bbox 598 1384 1823 1882">
    <p class='ocr_par' dir='ltr' id='par_1_6' title="bbox 598 1384 1823 1882">
     <span class='ocr_line' id='line_1_17' title="bbox 708 1384 1820 1436; baseline -0.001 -14"><span class='ocrx_word' id='word_1_115' title='bbox 708 1390 788 1422; x_wconf 81' lang='lat' dir='ltr'>Haec</span> <span class='ocrx_word' id='word_1_116' title='bbox 810 1389 890 1422; x_wconf 87' lang='lat' dir='ltr'>mihi</span> <span class='ocrx_word' id='word_1_117' title='bbox 909 1388 940 1422; x_wconf 73' lang='grc' dir='ltr'>ἃ</span> <span class='ocrx_word' id='word_1_118' title='bbox 958 1386 1074 1436; x_wconf 64' lang='grc' dir='ltr'>Ρὶξῖοῐὶ</span> <span class='ocrx_word' id='word_1_119' title='bbox 1098 1387 1163 1423; x_wconf 90' lang='lat' dir='ltr'>duo</span> <span class='ocrx_word' id='word_1_120' title='bbox 1190 1388 1400 1436; x_wconf 71' lang='lat' dir='ltr'>phaenomena</span> <span class='ocrx_word' id='word_1_121' title='bbox 1425 1384 1661 1433; x_wconf 78' lang='lat' dir='ltr'>fingulariffima</span> <span class='ocrx_word' id='word_1_122' title='bbox 1684 1387 1820 1433; x_wconf 77' lang='lat' dir='ltr'>obtulit3</span> 
     </span>
     <span class='ocr_line' id='line_1_18' title="bbox 601 1436 1823 1485; baseline 0.002 -15"><span class='ocrx_word' id='word_1_123' title='bbox 601 1438 669 1472; x_wconf 82' lang='lat' dir='ltr'>vidi</span> <span class='ocrx_word' id='word_1_124' title='bbox 685 1439 828 1484; x_wconf 85' lang='lat' dir='ltr'>primum</span> <span class='ocrx_word' id='word_1_125' title='bbox 847 1450 881 1471; x_wconf 90' lang='lat' dir='ltr'>ut</span> <span class='ocrx_word' id='word_1_126' title='bbox 896 1438 973 1471; x_wconf 84' lang='lat' dir='ltr'>nihil</span> <span class='ocrx_word' id='word_1_127' title='bbox 991 1439 1171 1473; x_wconf 86' lang='lat' dir='ltr'>evidentius</span> <span class='ocrx_word' id='word_1_128' title='bbox 1197 1440 1207 1482; x_wconf 96' lang='lat'>(</span> <span class='ocrx_word' id='word_1_129' title='bbox 1225 1438 1314 1485; x_wconf 85' lang='lat' dir='ltr'>quod</span> <span class='ocrx_word' id='word_1_130' title='bbox 1346 1439 1478 1485; x_wconf 86' lang='lat' dir='ltr'>quidem</span> <span class='ocrx_word' id='word_1_131' title='bbox 1503 1439 1668 1481; x_wconf 80' lang='lat' dir='ltr'>micrologi</span> <span class='ocrx_word' id='word_1_132' title='bbox 1695 1436 1823 1484; x_wconf 85' lang='lat' dir='ltr'>subrep-</span> 
     </span>
     <span class='ocr_line' id='line_1_19' title="bbox 600 1486 1820 1535; baseline 0 -15"><span class='ocrx_word' id='word_1_133' title='bbox 600 1488 695 1522; x_wconf 80' lang='lat' dir='ltr'>tionis</span> <span class='ocrx_word' id='word_1_134' title='bbox 714 1489 792 1521; x_wconf 83' lang='lat' dir='ltr'>vitio</span> <span class='ocrx_word' id='word_1_135' title='bbox 811 1488 955 1535; x_wconf 83' lang='lat' dir='ltr'>decepti,</span> <span class='ocrx_word' id='word_1_136' title='bbox 982 1488 1021 1521; x_wconf 89' lang='lat' dir='ltr'>de</span> <span class='ocrx_word' id='word_1_137' title='bbox 1038 1487 1183 1535; x_wconf 85' lang='lat' dir='ltr'>pluribus</span> <span class='ocrx_word' id='word_1_138' title='bbox 1212 1486 1443 1522; x_wconf 78' lang='lat' dir='ltr'>infusoriorum</span> <span class='ocrx_word' id='word_1_139' title='bbox 1468 1498 1609 1525; x_wconf 78' lang='lat' dir='ltr'>narrant,</span> <span class='ocrx_word' id='word_1_140' title='bbox 1638 1487 1718 1521; x_wconf 79' lang='lat' dir='ltr'>mihi</span> <span class='ocrx_word' id='word_1_141' title='bbox 1741 1500 1820 1521; x_wconf 89' lang='lat' dir='ltr'>vero</span> 
     </span>
     <span class='ocr_line' id='line_1_20' title="bbox 600 1535 1821 1584; baseline -0.001 -14"><span class='ocrx_word' id='word_1_142' title='bbox 600 1537 630 1570; x_wconf 89' lang='lat' dir='ltr'>in</span> <span class='ocrx_word' id='word_1_143' title='bbox 649 1537 733 1570; x_wconf 84' lang='lat' dir='ltr'>nullo</span> <span class='ocrx_word' id='word_1_144' title='bbox 755 1539 813 1571; x_wconf 72' lang='lat' dir='ltr'>alio</span> <span class='ocrx_word' id='word_1_145' title='bbox 831 1535 971 1584; x_wconf 77' lang='lat' dir='ltr'>visu1n3)</span> <span class='ocrx_word' id='word_1_146' title='bbox 1000 1538 1080 1572; x_wconf 78' lang='lat' dir='ltr'>hane</span> <span class='ocrx_word' id='word_1_147' title='bbox 1101 1537 1268 1572; x_wconf 56' lang='lat' dir='ltr'>Fasciolim</span> <span class='ocrx_word' id='word_1_148' title='bbox 1289 1538 1426 1581; x_wconf 61' lang='lat' dir='ltr'>Cyrlidin</span> <span class='ocrx_word' id='word_1_149' title='bbox 1446 1537 1654 1571; x_wconf 56' lang='lat' dir='ltr'>cohabitandi</span> <span class='ocrx_word' id='word_1_150' title='bbox 1680 1538 1821 1581; x_wconf 59' lang='lat' dir='ltr'>ingurgi-</span> 
     </span>
     <span class='ocr_line' id='line_1_21' title="bbox 600 1586 1820 1635; baseline 0 -16"><span class='ocrx_word' id='word_1_151' title='bbox 600 1593 697 1624; x_wconf 51' lang='lat' dir='ltr'>tures</span> <span class='ocrx_word' id='word_1_152' title='bbox 729 1600 784 1621; x_wconf 84' lang='lat' dir='ltr'>ore</span> <span class='ocrx_word' id='word_1_153' title='bbox 805 1590 890 1621; x_wconf 85' lang='lat' dir='ltr'>enim</span> <span class='ocrx_word' id='word_1_154' title='bbox 915 1599 1026 1635; x_wconf 82' lang='lat' dir='ltr'>aperto</span> <span class='ocrx_word' id='word_1_155' title='bbox 1043 1601 1107 1621; x_wconf 90' lang='lat' dir='ltr'>uno</span> <span class='ocrx_word' id='word_1_156' title='bbox 1135 1586 1245 1621; x_wconf 76' lang='lat' dir='ltr'>liaustu</span> <span class='ocrx_word' id='word_1_157' title='bbox 1267 1587 1503 1621; x_wconf 71' lang='lat' dir='ltr'>attrahebantur</span> <span class='ocrx_word' id='word_1_158' title='bbox 1531 1586 1665 1630; x_wconf 77' lang='lat' dir='ltr'>lingula,</span> <span class='ocrx_word' id='word_1_159' title='bbox 1690 1598 1820 1620; x_wconf 84' lang='lat' dir='ltr'>eorum-</span> 
     </span>
     <span class='ocr_line' id='line_1_22' title="bbox 600 1634 1819 1684; baseline -0.001 -15"><span class='ocrx_word' id='word_1_160' title='bbox 600 1648 662 1682; x_wconf 86' lang='lat' dir='ltr'>que</span> <span class='ocrx_word' id='word_1_161' title='bbox 677 1635 858 1671; x_wconf 72' lang='lat' dir='ltr'>descensum</span> <span class='ocrx_word' id='word_1_162' title='bbox 878 1650 936 1684; x_wconf 85' lang='lat' dir='ltr'>per</span> <span class='ocrx_word' id='word_1_163' title='bbox 953 1636 1173 1684; x_wconf 77' lang='lat' dir='ltr'>oesophagum</span> <span class='ocrx_word' id='word_1_164' title='bbox 1192 1638 1222 1670; x_wconf 90' lang='lat' dir='ltr'>in</span> <span class='ocrx_word' id='word_1_165' title='bbox 1242 1649 1388 1670; x_wconf 87' lang='lat' dir='ltr'>ventrem</span> <span class='ocrx_word' id='word_1_166' title='bbox 1408 1637 1501 1670; x_wconf 88' lang='lat' dir='ltr'>oculo</span> <span class='ocrx_word' id='word_1_167' title='bbox 1518 1634 1680 1683; x_wconf 73' lang='lat' dir='ltr'>sequebar,</span> <span class='ocrx_word' id='word_1_168' title='bbox 1736 1639 1819 1668; x_wconf 80' lang='lat' dir='ltr'>Ven-</span> 
     </span>
     <span class='ocr_line' id='line_1_23' title="bbox 600 1685 1819 1734; baseline -0.001 -15"><span class='ocrx_word' id='word_1_169' title='bbox 600 1696 650 1719; x_wconf 87' lang='lat' dir='ltr'>tre</span> <span class='ocrx_word' id='word_1_170' title='bbox 677 1685 766 1720; x_wconf 82' lang='lat' dir='ltr'>brevi</span> <span class='ocrx_word' id='word_1_171' title='bbox 794 1688 945 1734; x_wconf 82' lang='lat' dir='ltr'>impleto,</span> <span class='ocrx_word' id='word_1_172' title='bbox 979 1687 1056 1722; x_wconf 74' lang='lat' dir='ltr'>duas</span> <span class='ocrx_word' id='word_1_173' title='bbox 1083 1687 1177 1721; x_wconf 83' lang='lat' dir='ltr'>horas</span> <span class='ocrx_word' id='word_1_174' title='bbox 1196 1687 1314 1733; x_wconf 79' lang='lat' dir='ltr'>absque</span> <span class='ocrx_word' id='word_1_175' title='bbox 1349 1699 1431 1720; x_wconf 78' lang='lat' dir='ltr'>nova</span> <span class='ocrx_word' id='word_1_176' title='bbox 1459 1686 1708 1729; x_wconf 73' lang='lat' dir='ltr'>ingurgitatione</span> <span class='ocrx_word' id='word_1_177' title='bbox 1728 1697 1819 1729; x_wconf 80' lang='lat' dir='ltr'>vaga-</span> 
     </span>
     <span class='ocr_line' id='line_1_24' title="bbox 599 1733 1818 1774; baseline 0 -6"><span class='ocrx_word' id='word_1_178' title='bbox 599 1735 715 1774; x_wconf 73' lang='lat' dir='ltr'>batur,</span> <span class='ocrx_word' id='word_1_179' title='bbox 751 1749 784 1769; x_wconf 86' lang='lat' dir='ltr'>ac</span> <span class='ocrx_word' id='word_1_180' title='bbox 810 1737 942 1770; x_wconf 82' lang='lat' dir='ltr'>demnm</span> <span class='ocrx_word' id='word_1_181' title='bbox 972 1748 1071 1770; x_wconf 76' lang='lat' dir='ltr'>totam</span> <span class='ocrx_word' id='word_1_182' title='bbox 1104 1738 1291 1770; x_wconf 82' lang='lat' dir='ltr'>nutrimenti</span> <span class='ocrx_word' id='word_1_183' title='bbox 1323 1733 1448 1769; x_wconf 75' lang='lat' dir='ltr'>massam</span> <span class='ocrx_word' id='word_1_184' title='bbox 1479 1734 1570 1767; x_wconf 78' lang='lat' dir='ltr'>simul</span> <span class='ocrx_word' id='word_1_185' title='bbox 1593 1736 1727 1771; x_wconf 82' lang='lat' dir='ltr'>evomit,</span> <span class='ocrx_word' id='word_1_186' title='bbox 1760 1747 1818 1768; x_wconf 87' lang='lat' dir='ltr'>nec</span> 
     </span>
     <span class='ocr_line' id='line_1_25' title="bbox 598 1783 1820 1833; baseline -0.001 -16"><span class='ocrx_word' id='word_1_187' title='bbox 598 1796 703 1819; x_wconf 70' lang='lat' dir='ltr'>tamen</span> <span class='ocrx_word' id='word_1_188' title='bbox 721 1799 802 1819; x_wconf 77' lang='lat' dir='ltr'>nova</span> <span class='ocrx_word' id='word_1_189' title='bbox 825 1787 989 1820; x_wconf 72' lang='lat' dir='ltr'>devoratio</span> <span class='ocrx_word' id='word_1_190' title='bbox 1011 1785 1208 1833; x_wconf 79' lang='lat' dir='ltr'>sequebatur.</span> <span class='ocrx_word' id='word_1_191' title='bbox 1263 1787 1349 1819; x_wconf 86' lang='lat' dir='ltr'>Hinc</span> <span class='ocrx_word' id='word_1_192' title='bbox 1369 1786 1423 1817; x_wconf 83' lang='lat' dir='ltr'>am&#39;</span> <span class='ocrx_word' id='word_1_193' title='bbox 1439 1783 1471 1817; x_wconf 83' lang='lat'>&amp;</span> <span class='ocrx_word' id='word_1_194' title='bbox 1491 1785 1557 1817; x_wconf 80' lang='lat' dir='ltr'>oris</span> <span class='ocrx_word' id='word_1_195' title='bbox 1595 1795 1764 1831; x_wconf 82' lang='lat' dir='ltr'>appertura</span> <span class='ocrx_word' id='word_1_196' title='bbox 1788 1784 1820 1817; x_wconf 84' lang='lat' dir='ltr'>in</span> 
     </span>
     <span class='ocr_line' id='line_1_26' title="bbox 599 1834 1110 1882; baseline 0.004 -14"><span class='ocrx_word' id='word_1_197' title='bbox 599 1834 656 1868; x_wconf 83' lang='lat' dir='ltr'>hac</span> <span class='ocrx_word' id='word_1_198' title='bbox 677 1837 721 1868; x_wconf 88' lang='lat' dir='ltr'>uti</span> <span class='ocrx_word' id='word_1_199' title='bbox 740 1837 770 1869; x_wconf 83' lang='lat' dir='ltr'>in</span> <span class='ocrx_word' id='word_1_200' title='bbox 791 1837 914 1882; x_wconf 65' lang='lat' dir='ltr'>Hydris</span> <span class='ocrx_word' id='word_1_201' title='bbox 931 1836 1040 1869; x_wconf 76' lang='lat' dir='ltr'>eadem</span> <span class='ocrx_word' id='word_1_202' title='bbox 1057 1835 1110 1872; x_wconf 84' lang='lat' dir='ltr'>est.</span> 
     </span>
    </p>
   </div>
   <div class='ocr_carea' id='block_1_7' title="bbox 699 1915 1165 1963">
    <p class='ocr_par' dir='ltr' id='par_1_7' title="bbox 699 1915 1165 1963">
     <span class='ocr_line' id='line_1_27' title="bbox 699 1915 1165 1963; baseline 0.002 -13"><span class='ocrx_word' id='word_1_203' title='bbox 699 1919 737 1950; x_wconf 87' lang='lat' dir='ltr'>In</span> <span class='ocrx_word' id='word_1_204' title='bbox 763 1929 842 1963; x_wconf 82' lang='lat' dir='ltr'>aqua</span> <span class='ocrx_word' id='word_1_205' title='bbox 866 1915 920 1950; x_wconf 86' lang='lat' dir='ltr'>sub</span> <span class='ocrx_word' id='word_1_206' title='bbox 947 1917 1063 1950; x_wconf 77' lang='lat' dir='ltr'><em>Lemna</em></span> <span class='ocrx_word' id='word_1_207' title='bbox 1087 1928 1165 1951; x_wconf 79' lang='lat' dir='ltr'>rara.</span> 
     </span>
    </p>
   </div>
   <div class='ocr_carea' id='block_1_8' title="bbox 1535 2107 1753 2163">
    <p class='ocr_par' dir='ltr' id='par_1_8' title="bbox 1535 2107 1753 2163">
     <span class='ocr_line' id='line_1_28' title="bbox 1535 2107 1753 2163; baseline -0.014 -12"><span class='ocrx_word' id='word_1_208' title='bbox 1535 2114 1630 2163; x_wconf 78' lang='lat'>183.</span> <span class='ocrx_word' id='word_1_209' title='bbox 1665 2107 1753 2148; x_wconf 85' lang='lat' dir='ltr'>FA-</span> 
     </span>
    </p>
   </div>
  </div>
 </body>
</html>
