2062 2696
994 331 1120 336 ‚**-„
1138 332 1393 339 „m-w‘

202 875 318 1048 Si
348 965 439 1008 quae
477 950 529 992 de
571 950 829 992 animalculis·
856 950 1070 1006 infifiriis
1100 951 1180 992 dici
1213 950 1396 1006 poffunt,

337 1031 629 1071 ennarrentur,
684 1019 897 1075 verbaque
939 1020 984 1062 δε
1031 1020 1253 1062 oculorum
1292 1021 1396 1060 acies

201 1089 452 1140 sufficerent,
486 1088 651 1130 dicendi
693 1088 830 1130 nullus
870 1090 960 1131 finis
993 1088 1098 1130 esset.
1164 1087 1398 1130 Paueiffima

202 1159 517 1215 magnificentiae
550 1159 594 1200 δι
637 1157 865 1213 splendoris
899 1159 1097 1201 Numinis
1131 1159 1283 1213 optimi
1315 1171 1397 1199 ma-

205 1230 307 1270 ximi
339 1228 591 1270 documenta
624 1229 806 1284 prodere
838 1241 958 1269 mens
991 1227 1171 1270 humana
1203 1227 1329 1279 valet,
1355 1228 1398 1269 in

202 1297 391 1352 plurimis
425 1298 559 1352 stupet
591 1297 634 1340 δε
683 1296 938 1340 obmutescit.
1280 1308 1284 1309 ⁷

329 1434 519 1477 Mundus
577 1435 858 1487 invisibilium,
914 1434 1141 1489 majoribus
1194 1433 1398 1486 occlusus,

204 1516 375 1546 centum
406 1503 556 1544 abhinc
589 1507 703 1545 annis
736 1505 779 1546 &
812 1505 927 1560 quod
962 1506 1155 1554 excurrit,
1187 1504 1289 1545 adiri
1323 1517 1398 1544 coe-

204 1575 283 1627 pit;
315 1572 509 1622 monstra,
529 1570 664 1613 forma
701 1573 744 1615 &
778 1573 870 1614 vitae
903 1574 1060 1614 ratione
1092 1572 1284 1623 inaudita,
1318 1572 1397 1623 alit,

203 1641 490 1698 miraculisque
504 1655 620 1697 aeque
638 1642 833 1691 abundat,
852 1655 899 1683 ac
921 1653 1080 1683 remota
1099 1641 1310 1684 Indiarum
1332 1641 1399 1682 tel-

202 1711 284 1760 ius,
326 1712 476 1752 minori
523 1724 623 1753 vero
663 1711 848 1766 periculo
891 1710 1190 1766 perlustratur,
1243 1709 1400 1766 ubique

204 1784 315 1823 enim
348 1791 442 1821 ante
474 1779 603 1835 pedes
644 1781 790 1835 praesto
833 1781 913 1831 est,
959 1793 1037 1821 nec
1075 1782 1163 1821 auri
1197 1779 1310 1822 fame
1343 1781 1400 1822 vi-

202 1850 311 1892 fitur.
366 1850 604 1906 Utrumque
638 1850 765 1892 multa
798 1849 1030 1892 incolarum
1063 1849 1197 1905 strage
1231 1850 1399 1906 conqui-

203 1921 320 1963 ritur3
348 1918 434 1960 haee
469 1933 570 1962 vero
605 1918 708 1974 saepe
740 1921 834 1962 vitae
866 1919 1151 1975 aggressorum
1183 1918 1397 1974 dispendio

205 1989 403 2039 constitit,
437 1987 501 2030 ille
534 2002 647 2031 mera
681 1991 875 2044 patientia
908 2001 1184 2044 comparatur.
1248 1989 1398 2031 Acicu-

203 2056 251 2099 1ae
283 2057 474 2110 alterum,
509 2072 600 2114 quae
633 2057 743 2100 orbis
777 2070 979 2100 terrarum
1011 2054 1397 2113 hemisphaeriajun-

206 2127 277 2176 xit,
311 2126 485 2169 alterum
516 2127 627 2179 lenti,
646 2141 736 2184 quae
769 2127 948 2170 maculas
981 2126 1126 2171 solares
1159 2124 1397 2170 mole-eulas-

746 2197 791 2238 A
827 2206 851 2237 2
1253 2207 1336 2250 que
