2062 2696
673 307 722 351 46
1011 307 1451 342 HELMINTHICA.

715 396 845 429 Harum
866 405 930 429 tres
950 396 1077 435 inveni,
1103 395 1276 444 quamlibet
1297 397 1389 445 pullis
1415 397 1563 431 trecentis
1589 396 1619 432 ὅτ
1645 396 1738 446 supra
1767 394 1837 432 foe-

616 456 679 479 tam
690 470 698 483 ,
725 446 756 478 in
776 444 848 493 ipfis
864 446 957 493 pullis
973 447 1050 480 oculi
1067 444 1142 481 οΕὶο
1159 445 1313 485 distinffl,
1330 458 1363 480 ac
1380 448 1541 480 interanea
1564 448 1693 494 pinnata
1710 449 1833 485 viridia.

617 495 734 529 Matris
754 496 878 533 ventri,
913 495 1066 543 quamdiu
1090 497 1224 534 vixerit,
1253 497 1409 530 continuo
1440 496 1641 530 adhaerebant
1662 521 1669 534 ‚
1712 508 1838 531 mortua

617 556 697 579 vero
716 568 723 582 ‚
758 543 1013 591 quaquaversum
1030 546 1260 583 discurrebant.
1314 547 1379 579 Diu
1397 546 1430 580 in
1449 545 1603 580 matribus
1621 546 1704 580 nulla
1728 547 1840 580 intem-

619 606 678 628 nea
701 594 902 632 videbantur.

719 660 822 694 Aliam
845 661 1031 694 varietatem
1071 661 1176 708 reperi
1203 653 1389 697 intera⁸neis.
1423 660 1640 708 pulcherrime
1681 660 1817 708 pinnatis
1833 682 1842 698 ,

618 708 751 743 saturare
771 707 967 754 sanguineis3
992 710 1059 742 haec
1078 708 1215 757 superne
1232 708 1425 745 confluentia
1440 707 1574 745 dorsum
1591 710 1685 754 nigro
1696 730 1706 736 -
1721 707 1841 755 sangui-

619 771 720 794 neum
742 758 936 797 reddebant,
960 756 1071 792 subtus
1090 771 1170 793 vero
1187 757 1331 794 diffluae
1349 757 1471 794 ramosa
1488 770 1586 795 erant.

617 871 636 907 s
719 824 812 859 Ultra
840 823 1010 859 dimidium
1032 825 1107 859 anni
1139 825 1172 859 in
1196 824 1308 860 eadem
1343 836 1423 872 aqua
1454 824 1564 860 vivam
1597 824 1677 859 hanc
1704 821 1840 872 speciem

631 886 752 912 ervaw,

717 940 755 974 In
781 939 854 976 rivo
863 966 875 984 ,
899 952 978 976 rara.

871 1162 969 1206 174.
1004 1150 1207 1195 HIRUD
1218 1151 1256 1194 Ο
1298 1163 1594 1193 MARGINATA.

679 1241 861 1283 HtRUDo
894 1240 1052 1282 dilatata
1084 1238 1192 1282 fusca
1233 1241 1418 1295 margine
1458 1239 1664 1294 tessulat03
1718 1238 1844 1280 oculis

617 1309 802 1352 quatuor.

818 1407 910 1446 Dan.
937 1419 1006 1442 Dl-:N
1035 1418 1201 1442 KANTEDE
1229 1418 1320 1443 IGLE·

1012 1513 1100 1557 long.
1132 1523 1178 1547 10
1202 1512 1256 1548 lin.

1016 1578 1073 1622 lat,⁴
1100 1581 1142 1620 αξ
1168 1578 1223 1613 lin.

719 1684 825 1718 Multa
842 1696 915 1718 cum
932 1683 1132 1731 praecedente
1145 1683 1329 1718 communia
1347 1681 1452 1721 habet,
1475 1679 1584 1715 differt
1605 1690 1710 1714 tamen
1730 1680 1841 1727 capite,

620 1734 719 1768 oculis
739 1734 770 1768 ἃ
787 1735 930 1778 margine
947 1734 1035 1768 aliter
1050 1731 1202 1771 teffulato.

723 1799 829 1843 Caput
846 1811 911 1833 non
930 1798 1160 1837 orbiculatum,
1189 1796 1241 1832 sed
1265 1797 1365 1830 amice
1385 1791 1551 1829 obtusum,
1571 1793 1688 1841 postice
1706 1792 1842 1828 coarfflza-

618 1860 706 1885 tum,
731 1849 901 1882 candidum
922 1849 1002 1882 adeo
1025 1849 1057 1882 ἃ
1073 1849 1267 1895 pellucidum
1294 1843 1393 1879 fasciis
1419 1843 1499 1877 binis
1524 1843 1709 1877 transverfis
1731 1841 1841 1881 fuscis,

618 1909 653 1931 ut
676 1898 764 1931 color
783 1896 887 1931 fuscus
902 1896 1085 1944 splendidus
1105 1895 1162 1935 fit,
1187 1894 1274 1928 albus
1291 1907 1371 1928 vero
1397 1893 1482 1927 lente
1511 1894 1604 1927 etiam
1630 1894 1730 1927 vitrea
1758 1905 1841 1937 aegre

618 1945 849 1993 conspiciatur,
878 1946 953 1980 hine
972 1956 1066 1994 caput
1082 1946 1182 1979 amice
1209 1944 1240 1979 ἃ
1267 1942 1416 1979 lateribus
1440 1944 1675 1987 emarginatum
1692 1943 1743 1977 vel
1768 1955 1842 1989 qua-

617 1996 780 2031 drilobum
807 2006 947 2044 apparet.

732 2061 825 2096 Oculi
845 2060 907 2096 sive
925 2058 1043 2109 punsta
1062 2060 1152 2104 nigra
1166 2069 1302 2106 quatuor
1320 2058 1437 2106 duplici
1452 2055 1550 2099 serie3
1576 2055 1693 2105 postica
1710 2055 1839 2101 majora.

1629 2121 1790 2156 Abdomen
