2062 2696
691 318 741 343 10
1022 295 1400 341 INFVSORIA.

747 394 1081 452 Longitudlnalis
1124 407 1145 434 a
1181 392 1364 447 postico,
1399 405 1488 447 quae
1536 390 1671 432 eidem
1705 403 1817 432 com-

623 468 741 522 petit,
790 467 842 506 ita
885 463 1122 505 absolvitur:
1164 464 1205 502 in
1256 460 1394 502 medio
1439 462 1634 515 marginis
1678 461 1819 513 postici

627 538 756 578 oritur
789 533 960 589 parvula
993 532 1141 583 fislura,
1176 545 1267 586 quae
1284 544 1360 585 per
1377 529 1561 571 medium
1583 531 1704 570 totius
1731 543 1819 570 cor-

626 607 739 660 poris
772 601 977 653 increscit,
1020 600 1205 656 partibus
1251 600 1321 641 fiffi
1353 598 1582 640 animalculi
1618 598 1821 653 gradatim

626 677 666 716 in
710 673 911 728 angulum
954 669 1156 723 majorem
1192 668 1511 720 discedentibus,
1563 668 1696 710 donec
1737 666 1821 711 solo

627 746 743 798 apice
778 741 1022 782 eohaereant.
1058 739 1169 779 Inter
1202 737 1290 778 haee
1323 736 1528 788 festivum,
1571 749 1749 790 corpore
1783 736 1826 778 li-

628 825 693 854 cet
726 810 822 861 fisso,
857 821 1043 864 vagatur,
1073 807 1252 848 alienum
1274 806 1527 861 &ignotum
1551 804 1699 847 animal
1713 819 1824 847 men-

628 883 755 931 tiens,
789 892 836 920 ac
869 877 994 933 saepe,
1028 889 1074 919 ut
1107 878 1372 931 partitionem
1405 887 1626 930 properet,
1660 875 1824 929 biparti-

630 953 656 992 ti
693 950 881 1003 corporis
915 959 1052 1001 partes
1087 945 1221 986 adhuc
1256 945 1463 999 parallelas
1507 945 1663 986 summa
1703 947 1744 986 vi
1784 947 1828 987 in

632 1018 870 1062 verticalem
915 1016 1069 1065 vibrat,
1111 1013 1331 1070 rursusque
1365 1016 1407 1055 in
1440 1013 1676 1069 parallelam
1709 1013 1829 1056 redu-

633 1092 699 1140 cit,
723 1086 894 1129 tandem
928 1096 1064 1139 partes
1099 1085 1215 1137 apice
1250 1097 1417 1139 quoque
1451 1083 1647 1137 disruptae
1680 1085 1722 1124 in
1743 1083 1829 1126 duo

633 1156 820 1200 animalia
854 1152 1038 1209 perfecta
1077 1150 1267 1206 ejusdem
1300 1152 1568 1207 longitudinis
1600 1152 1831 1209 iisdemque

633 1227 823 1281 organis,
849 1238 939 1279 quae
964 1234 1056 1264 ante
1078 1223 1342 1276 partitionem
1359 1223 1401 1262 in
1420 1223 1543 1264 unico
1562 1221 1744 1274 aderant,
1773 1223 1830 1263 in-

634 1295 799 1346 structa,
812 1292 1033 1334 latitudinis
1045 1305 1145 1334 vero
1159 1293 1329 1332 minoris
1348 1290 1572 1333 discedunt.
1607 1291 1832 1333 Ratiocinia

634 1363 916 1420 phyfiologica
946 1362 986 1402 &
1010 1360 1326 1415 psychologica,
1373 1374 1463 1415 quae
1485 1359 1551 1401 hic
1569 1359 1832 1415 propagandi

635 1433 789 1476 modus
831 1429 1078 1485 suppeditat,
1123 1429 1227 1471 ultra
1271 1429 1532 1484 propofitum
1585 1428 1834 1471 deducentia

638 1503 735 1545 nihil
768 1514 931 1551 moror,
977 1500 1225 1554 reliquisque
1266 1497 1335 1539 suo
1376 1498 1468 1539 loco
1509 1498 1670 1550 reliffis,
1703 1511 1834 1552 pauca

638 1584 801 1614 tantum
843 1570 951 1609 circa
993 1567 1328 1608 hallucinationes
1360 1566 1701 1621 Micrologorum
1747 1580 1835 1608 mo-

638 1654 737 1682 nere
770 1639 879 1681 libet.

770 1777 953 1836 Qilibet
986 1776 1225 1819 observator
1252 1778 1293 1817 in
1326 1775 1412 1818 haec
1445 1776 1619 1818 Naturae
1653 1775 1836 1832 magiste-

641 1851 698 1891 ria
737 1850 873 1889 minus
916 1849 1120 1901 patienter
1159 1848 1339 1887 intentus
1380 1845 1620 1888 animalcula
1652 1847 1694 1886 in
1746 1859 1837 1900 par-

644 1919 787 1958 titione
822 1928 1024 1970 occupata
1057 1928 1167 1957 nova
1200 1915 1242 1957 8<
1275 1915 1501 1970 singularia,
1534 1915 1600 1956 vel
1636 1917 1745 1956 coitu
1770 1928 1838 1956 ve·

643 2000 688 2029 re
737 1984 876 2040 juncta
933 1985 1144 2039 crederet‚·
1207 1996 1402 2039 expertus
1448 1982 1531 2038 ipse
1584 1983 1753 2039 loquor,
1810 1982 1839 2024 fi

645 2057 782 2107 enim,
823 2069 913 2110 quae
956 2054 1168 2110 aliquoties
1208 2053 1415 2104 vidissem,
1456 2064 1612 2094 temere
1654 2052 1840 2107 evulgas-

645 2123 743 2178 sem,
777 2123 890 2166 falsas
923 2122 1075 2179 species
1117 2124 1356 2179 coitumque
1403 2122 1585 2177 plurium
1623 2120 1839 2163 animalcu-

1639 2191 1777 2233 lorum
