2062 2696
572 276 955 320 INFVSORIA.
1245 290 1292 326 15

164 392 285 433 latam
328 404 477 447 aquam
520 390 660 444 rumpi
699 387 742 430 δε
785 389 826 429 in
866 386 1088 428 moleeulas
1125 385 1247 428 efflari
1281 399 1373 427 ma·-

166 458 307 501 nifestc
343 459 486 512 vidc03
529 458 555 499 si
603 471 703 499 vero
749 456 908 512 guttula
954 469 1068 512 aqum
1102 465 1200 496 antc‘
1229 456 1375 510 plena*

168 533 269 571 riam
303 531 543 584 ruptionem
588 526 878 584 deliquesccnti
922 524 1172 577 afi‘undatur,
1207 527 1288 567 vita
1323 525 1368 566 8<

167 611 304 640 motus
347 600 588 648 revertitur,
630 596 831 652 languore
876 596 1064 651 quamvis
1106 609 1157 637 ex
1193 593 1368 649 syncop-

170 670 250 710 tico
285 667 453 719 affectu,
499 669 765 722 partiumque
806 667 846 706 in
882 663 1131 721 quibusdam
1167 662 1368 707 confufio-

169 751 220 777 ne
255 736 503 793 aliquamdiu
537 736 603 778 vel
636 747 840 791 perpetuo
883 733 1102 789 superstite.

300 875 543 918 Vorticellas
585 873 636 916 ad
686 875 897 916 interitum
935 887 1067 928 usque
1107 872 1251 929 sugere
1299 875 1370 916 Te-

158 945 309 1000 stacea,
353 943 592 986 Alonoculos
624 942 667 984 ὃ(
701 941 893 997 Dytiscos
925 955 1148 996 perperam
1188 956 1372 997 pronun-

174 1015 253 1055 ciat
293 1014 334 1054 in
379 1013 545 1068 reliquis
585 1010 872 1053 oculatissimus
920 1011 1270 1067 LEDERMULLER3
1327 1025 1372 1053 os

173 1084 284 1123 enim
317 1080 384 1123 seu
417 1093 631 1137 apertura,
666 1095 745 1138 qua
781 1095 934 1137 aquam
967 1080 1182 1133 hauriunt,
1217 1081 1269 1123 ab
1303 1081 1368 1123 ho-

172 1165 270 1193 rum
314 1151 579 1207 corporibus,
624 1151 778 1208 quibus
816 1149 921 1206 saepe
963 1150 1194 1203 adhaerent‚
1238 1150 1376 1194 aversa

177 1221 245 1273 est,
282 1221 509 1278 testamque
543 1220 584 1263 &
619 1220 879 1275 superficiem
918 1220 1181 1270 crustaeeam,
1215 1235 1302 1263 non
1319 1223 1375 1262 in-

176 1292 324 1332 teriora
365 1302 587 1346 occupant,
630 1289 770 1332 saltem
813 1304 892 1342 eae,
925 1304 1025 1347 quas
1058 1290 1142 1346 ipse
1175 1290 1375 1333 describit.

179 1360 381 1401 lnceffum
414 1358 623 1414 hospitum
656 1359 954 1414 aliquantulum
989 1373 1163 1415 gravare
1198 1360 1376 1414 possunt,

178 1440 372 1470 caetcrum
415 1429 460 1469 iis
506 1440 799 1469 ornamentum
838 1428 1041 1483 singulare
1073 1428 1274 1484 praebent,
1320 1442 1379 1470 ar-

177 1497 296 1539 busta
336 1499 378 1538 in
422 1498 621 1551 Testaceis
669 1496 712 1538 &
746 1496 957 1552 Dytzfiis,
1009 1498 1294 1552 capillamenta
1336 1500 1380 1540 in

179 1566 416 1610 Monoculis
458 1564 657 1608 referens.

304 1706 365 1748 Ut
397 1704 484 1747 haec
518 1705 560 1747 &
594 1705 690 1757 alia,
736 1717 939 1762 quantum
978 1708 1022 1748 in
1054 1721 1124 1749 me
1157 1706 1224 1760 fit,
1260 1708 1384 1749 euita-

183 1788 292 1827 rem,
349 1776 659 1831 vermiumque,
708 1789 889 1832 quorum
938 1787 1082 1818 natura
1131 1777 1173 1820 &
1222 1776 1383 1818 indoles

181 1843 490 1896 mirabilisfirna,
508 1843 770 1901 influxusque
779 1847 821 1887 in
831 1848 1076 1888 oeconomia
1085 1847 1245 1888 animali
1261 1847 1303 1889 &
1315 1859 1384 1888 ve-

188 1914 352 1970 getabili
370 1927 487 1971 aeque
502 1915 733 1970 magnus&
745 1916 915 1970 ignotus
932 1915 1001 1969 est,
1020 1915 1229 1958 historiam
1247 1918 1383 1957 minus

184 1983 400 2026 obscuram
409 1985 631 2040 minusque
640 1998 791 2040 vagam
803 1985 1201 2037 traderem‚omnem
1214 1984 1282 2027 dili
1287 1998 1384 2040 gen-

185 2054 282 2094 tiam
292 2055 333 2094 in
343 2050 537 2095 indefeffit
549 2053 847 2107 observatione,
860 2054 1187 2111 exafflffimaque
1195 2054 1385 2095 determi-

190 2123 353 2164 natione
386 2136 549 2175 eorum,
582 2134 791 2180 quotquot
825 2137 980 2177 nempe
995 2125 1038 2164 in
1054 2127 1167 2180 aquis
1192 2124 1292 2165 varii
1315 2135 1383 2178 ge-

1215 2206 1323 2233 nens
