2062 2696
640 304 685 339 23
969 293 1416 327 HELMINTHICA.

593 390 681 438 apice
698 386 798 422 tubuli
817 385 900 419 lente
922 383 953 419 &
970 383 1099 423 timide,
1126 397 1205 432 aqua
1226 384 1364 418 maxime
1373 383 1480 429 quieta
1493 407 1501 421 ,
1528 394 1650 430 partem
1669 385 1812 433 corporis

592 442 625 474 in
652 436 776 473 reglum
800 432 911 469 exserit
930 459 937 473 ,
973 447 1047 468 mox
1072 435 1234 468 incurvat:
1260 446 1293 467 ac
1318 431 1429 466 senfim
1447 433 1520 466 hinc
1536 433 1565 466 ἃ
1585 434 1665 467 illinc
1685 436 1715 467 in
1735 447 1814 482 aqna

593 489 713 527 vibrat,
740 485 761 520 fi
793 498 872 518 vero
897 485 1067 518 minimum
1095 497 1218 518 motum
1235 481 1361 521 sentiat,
1394 482 1443 515 vel
1471 495 1486 516 a
1509 482 1707 517 cohabitante
1731 497 1814 530 quo-

594 540 666 574 dam
693 536 878 571 animalculo
912 545 1058 578 tangatur
1078 559 1085 572 ‚
1134 535 1164 567 in
1194 532 1341 567 rubulum
1373 529 1436 566 sese
1464 533 1630 566 celerrime
1662 531 1815 567 subducit.

594 589 670 624 Vidi
695 584 856 634 saepiffime
883 585 1014 629 granula
1041 596 1164 617 terrena
1188 585 1220 617 in
1244 595 1383 629 corpore
1408 584 1527 616 vermis
1553 581 1718 616 ascendere
1744 607 1751 621 ,
1782 595 1816 616 ac

593 640 681 687 apice
704 638 932 671 concatenatim
961 645 1244 668 excrementorum
1280 633 1439 666 larvarum
1472 634 1688 680 complurium
1722 631 1816 666 instar

595 700 730 725 excerni,

696 754 728 787 Si
746 765 762 786 e
779 752 857 784 limo
875 747 1027 782 niblatam
1055 748 1085 780 in
1110 747 1203 794 plano
1230 759 1368 795 ponatur
1387 773 1395 784 ‚
1431 747 1463 780 iu
1487 744 1604 794 spiram
1628 745 1659 781 se
1690 755 1818 781 contor-

596 816 696 852 quet,
721 811 906 845 armatoque
925 798 1017 830 oculo
1042 795 1103 830 sese
1124 796 1353 844 planiusculurn
1378 795 1616 843 segmentisque
1647 808 1690 838 50
1711 817 1726 822 -
1755 807 1817 840 70.

597 851 811 899 compositum
830 847 924 882 offert
945 861 952 887 3
1004 846 1167 891 segmenta
1193 859 1209 880 e
1228 848 1315 891 rugis
1333 845 1531 881 annularibus
1555 845 1606 880 sex
1624 847 1674 880 vel
1697 843 1818 893 septem
1866 874 1868 876 ,

597 902 730 937 conflua
744 899 824 934 sunt.
880 899 952 930 Nec
972 897 1094 930 aculeus
1112 909 1171 930 nec
1190 910 1343 935 verruca,
1368 908 1408 930 ne
1433 895 1563 942 quidem
1596 895 1688 930 valde
1730 893 1819 929 austa

597 950 835 996 magnitudine,
862 946 1053 993 aliquimdiu
1080 944 1109 979 se
1127 943 1265 994 conspici
1296 945 1417 994 praebet
1436 970 1444 984 ,
1486 946 1687 979 minutorum
1712 956 1818 978 tumen

598 1001 762 1037 intervallo
779 1009 857 1040 ruga
874 994 1102 1029 intersectionis
1126 993 1367 1040 segmentorum
1394 996 1426 1027 in
1451 995 1651 1028 verruculum
1670 993 1816 1032 inflatur,

599 1051 792 1095 aculeusque
809 1043 1008 1079 breviffimus
1030 1042 1082 1077 seu
1101 1057 1213 1079 mucro
1243 1057 1282 1078 ex
1315 1056 1351 1078 ea
1375 1041 1538 1080 exseritur,

702 1112 881 1156 Intfstiunm
899 1110 1040 1146 luteum,
1075 1121 1275 1143 excrementa
1301 1107 1430 1142 obscura
1450 1133 1457 1146 ‚
1484 1110 1604 1141 arteria
1624 1108 1654 1142 δι
1672 1120 1749 1141 vena
1768 1120 1818 1141 ru-

602 1165 687 1210 brae3
712 1164 778 1196 haec
806 1174 822 1194 a
845 1171 934 1206 parte
963 1156 1074 1205 supina
1101 1159 1239 1192 involvit
1263 1157 1444 1192 intestinum
1475 1158 1583 1190 multis
1610 1155 1818 1195 anfraffibus‚

602 1216 650 1249 illa
670 1226 686 1246 a
705 1222 795 1260 parte
815 1220 917 1256 prona
935 1205 1185 1241 contractionem
1206 1208 1236 1242 ὃ(
1253 1208 1471 1241 dilatationem
1487 1219 1547 1254 per
1561 1207 1674 1240 lineam
1700 1205 1821 1239 restam

603 1262 784 1298 concitatim
810 1258 971 1292 continuat
988 1270 996 1297 ;
1033 1257 1074 1292 de
1095 1257 1168 1291 hinc
1196 1258 1304 1304 liquor
1332 1255 1430 1290 ruber
1445 1268 1503 1303 per
1520 1254 1638 1290 traffius
1653 1266 1821 1290 momento

603 1323 735 1362 apparet
762 1310 792 1344 ἃ
829 1305 992 1342 evanescit.

704 1379 740 1410 In
768 1373 913 1409 societate
939 1386 1011 1406 cum
1036 1372 1076 1410 L,
1107 1373 1229 1416 tubifi'ce
1253 1371 1458 1420 reperiuntur
1484 1371 1550 1409 alii,
1583 1371 1637 1417 qui
1655 1368 1822 1417 superficie

606 1427 699 1463 fundi
723 1426 850 1459 alteram
871 1424 1015 1470 corporis
1039 1426 1272 1457 extremitatem
1298 1422 1440 1458 elevant,
1466 1432 1560 1456 motu
1583 1418 1821 1468 serpentiformi

606 1478 775 1512 motitant,
806 1487 839 1507 ac
869 1474 899 1506 in
926 1484 1043 1506 terram
1074 1471 1267 1506 velociffime
1296 1471 1509 1509 retrahentes,
1537 1468 1615 1503 visui
1634 1467 1821 1506 subducunt.

606 1530 654 1563 Hi
680 1539 695 1559 a
726 1522 855 1559 tubifice
882 1523 938 1556 vix
963 1521 1099 1561 diversi,
1126 1523 1222 1556 iidem
1245 1521 1411 1555 vermiculi
1427 1517 1485 1553 effe
1509 1520 1674 1557 videntur,
1703 1518 1818 1565 quibus

606 1573 712 1612 clariss.
739 1574 899 1617 Tremhley
917 1572 1050 1619 Hydrus
1070 1573 1212 1606 nutrivit.
1268 1574 1414 1616 Uterque
1432 1580 1548 1603 terram
1580 1566 1722 1602 limosam
1749 1580 1821 1601 con·

607 1628 698 1661 tinuo
716 1625 818 1659 colant
835 1622 865 1657 ὅ(
881 1623 1032 1658 recolant,

709 1706 737 1748 β
758 1706 795 1740 ab
827 1720 852 1741 οι
886 1717 1007 1739 tantum
1028 1704 1153 1742 differt,
1189 1704 1275 1751 quod
1301 1703 1406 1748 major
1423 1700 1459 1734 {it
1480 1701 1652 1746 ltcviorque
1671 1724 1678 1737 ‚
1701 1700 1823 1743 rugulis

608 1757 809 1794 annularibus
826 1757 879 1789 vix
897 1767 1017 1790 armato
1035 1756 1127 1789 oculo
1147 1753 1340 1800 conspicuis,
1366 1764 1399 1784 ac
1414 1752 1444 1783 in
1468 1748 1740 1783 interfeciionibus
1757 1749 1822 1792 seg-

607 1820 793 1844 mentorum
810 1807 916 1838 amicae
936 1806 1080 1852 corporis
1096 1805 1192 1851 partis
1217 1801 1312 1836 setam
1331 1801 1480 1846 utrinque
1507 1801 1556 1834 vel
1571 1798 1747 1846 simplicem
1771 1799 1823 1833 vel

609 1859 771 1905 duplicem
804 1866 902 1899 gerat,

706 1923 744 1958 In
770 1919 884 1953 eodem
907 1919 985 1952 limo
1009 1918 1107 1951 vitam
1131 1915 1232 1960 degit,
1259 1914 1456 1961 caudamque
1470 1915 1502 1947 in
1523 1925 1602 1960 aqua
1617 1912 1737 1951 vibrat,
1762 1913 1824 1946 mi-

607 1984 667 2007 nus
694 1968 799 2004 tamen
815 1969 957 2002 timidus.

709 2038 787 2069 Huc
807 2031 995 2068 referendus
1019 2031 1140 2064 vermis
1162 2027 1266 2067 clariss,
1284 2029 1441 2078 Sclurfferi
1464 2027 1553 2064 facile
1576 2028 1659 2061 idem
1678 2051 1685 2065 ‚
1712 2027 1825 2060 kleiner

615 2084 813 2135 Waſj'eraal‚
845 2094 949 2128 1755·
979 2094 999 2116 t.
1028 2092 1059 2127 3.
1086 2077 1108 2114 f.
1137 2092 1152 2115 1
1179 2100 1195 2106 -
1225 2090 1255 2125 3.

1663 2126 1776 2161 Amica
