2062 2696
671 302 720 343 48
1005 298 1451 333 HELMINTHICA.

732 385 850 421 Medio
875 385 958 421 dorfi
986 389 1079 436 pori,
1104 389 1156 423 vel
1181 388 1301 437 puns’ta
1327 389 1393 424 duo
1419 387 1501 427 alba,
1527 398 1669 429 remota,
1695 390 1848 426 rariffime

622 436 769 472 visibilia.
824 438 944 471 Subtus
969 437 1111 482 griseum
1138 442 1254 473 atomis
1281 439 1458 474 innumeris
1483 437 1676 486 punfftatum
1694 465 1702 480 ‚
1756 443 1848 476 lineis

625 485 710 522 dorsi
730 486 853 521 duabus
876 488 978 532 nigris
1002 488 1242 535 pellucentibus,

729 553 834 597 Caput
872 554 1086 588 acuminatum
1114 554 1230 589 album.
1291 553 1400 589 Oculi:
1420 552 1539 602 punSh
1557 554 1620 599 sbx
1637 555 1730 598 nigra
1747 555 1848 599 longi-

627 602 810 637 tudinaliter
844 603 877 636 in
912 603 990 638 duas
1022 605 1120 638 lineas
1145 603 1322 652 dispofita3
1367 617 1426 652 par
1451 604 1589 638 anticum
1629 603 1688 638 fitu
1718 603 1850 650 obliquo

626 653 725 686 variat
742 677 750 691 ‚
793 665 826 686 ac
853 653 885 686 in
919 653 1111 700 quibusdam
1136 655 1176 687 ita
1206 653 1261 688 fibi
1288 655 1571 701 approximarum,
1606 665 1642 688 ut
1666 651 1850 689 difficillime

622 700 821 741 definiatur,
865 701 930 737 duo
962 715 1001 737 an
1034 704 1166 737 unicum
1205 702 1367 752 punstum
1391 702 1438 742 fit,
1516 703 1625 738 Gauda
1654 703 1850 738 orbiculata,

625 764 763 787 cinerea.

726 820 781 851 De
799 819 968 852 tuberculis
990 817 1085 855 claris.
1107 819 1290 866 Bergmamz
1313 819 1345 853 in
1373 819 1466 852 lineis
1482 819 1581 864 nigris
1600 816 1773 854 dorsalibus
1797 817 1852 851 diu

622 865 764 900 haefitavi
785 892 793 905 ‚
830 868 938 914 plures
968 869 1055 902 enim
1075 869 1140 903 dies
1164 882 1204 903 ne
1232 869 1315 903 lente
1337 868 1473 915 quidem
1498 881 1532 902 ea
1564 870 1717 914 detegere
1746 868 1850 915 potui.

625 918 742 950 Certus
761 917 935 951 Hirudinis
956 916 1031 952 situs
1044 943 1051 956 ‚
1079 919 1110 952 ἃ
1129 919 1221 954 valde
1241 916 1421 953 conrrassus
1440 919 1617 965 requiritur
1634 942 1641 956 ,
1670 929 1705 952 ur
1727 919 1760 951 in
1779 929 1852 951 con-

625 964 773 1013 spectum
805 966 962 1012 subean13
988 966 1062 1015 post
1085 967 1296 1015 septimanam
1322 969 1457 1003 demum
1480 968 1646 1002 tubercula
1680 967 1791 1001 decem
1819 967 1852 999 in

625 1017 738 1061 quavis
758 1016 837 1049 linea
852 1018 1044 1056 numeravi,
1069 1030 1103 1051 ac
1118 1019 1213 1052 latere
1230 1018 1381 1064 utrinque
1401 1017 1490 1050 aliam
1506 1017 1656 1052 lineolam
1671 1015 1851 1050 tuberculo-

625 1077 699 1098 rum
725 1064 890 1099 obscuram
920 1067 998 1100 vicli.
1052 1067 1160 1100 variat
1183 1068 1310 1100 maculis
1343 1065 1427 1100 dorfi
1453 1064 1563 1101 athidis
1580 1090 1587 1104 ‚
1629 1063 1852 1099 luteseentibus

625 1114 678 1147 vel
696 1112 805 1152 fuscis,
830 1115 886 1148 has
903 1128 964 1162 pro
985 1114 1088 1150 lubitu
1103 1117 1136 1149 in
1163 1115 1245 1150 disin
1270 1115 1435 1150 zubercula
1451 1139 1460 1154 ‚
1488 1113 1542 1149 seu
1571 1115 1700 1162 papillas
1727 1115 1821 1158 erig-it
1843 1138 1855 1153 ,

626 1163 658 1197 ἃ
674 1175 749 1197 tunc
768 1162 900 1198 dorsum
917 1165 1108 1198 muricatum
1135 1163 1337 1212 conspicitur.

728 1230 899 1263 Intermzea
915 1230 1054 1273 pinnata
1076 1227 1440 1277 (charastcrspecificus
1466 1229 1512 1262 Ill.
1541 1229 1654 1263 Limzei
1673 1254 1680 1268 ‚
1708 1228 1853 1277 pluribus

625 1288 733 1312 tamen
760 1278 972 1326 communis)
1009 1280 1042 1313 in
1068 1280 1128 1313 hac
1152 1278 1223 1326 post
1248 1278 1365 1313 mensis
1392 1278 1598 1313 intervallum
1619 1290 1742 1313 armato
1759 1280 1852 1313 oculo

626 1329 773 1375 primum
795 1329 907 1363 videre
925 1329 1029 1367 licuit,
1057 1329 1088 1363 ὅ(
1109 1330 1243 1376 quidem
1258 1327 1281 1363 fi
1300 1327 1426 1363 bestiola
1448 1326 1658 1375 conspiciatur
1674 1341 1690 1362 a
1705 1338 1797 1372 tergo
1818 1340 1853 1364 ac

626 1378 739 1412 lumini
769 1377 920 1419 obversa3
958 1378 1087 1426 posthac
1120 1390 1189 1413 toto
1210 1379 1310 1413 altero
1330 1376 1438 1413 mense
1454 1377 1548 1412 nudis
1568 1378 1666 1412 oculis
1687 1376 1854 1425 conspicua

626 1425 742 1468 fuere3
770 1426 855 1463 fusca
880 1426 951 1464 sunt
979 1430 1131 1475 utrinque
1156 1429 1264 1476 pinnis
1284 1427 1337 1464 sex
1362 1428 1415 1462 vel
1436 1426 1512 1462 offio
1532 1425 1681 1462 deorsum
1698 1428 1853 1467 curvati53

628 1475 740 1512 versus
772 1479 907 1513 caudam
923 1477 1080 1524 signatura
1098 1478 1240 1513 fimiliter
1268 1480 1399 1526 pinnata
1424 1476 1597 1512 obscurior.

731 1545 821 1591 Saepe
843 1545 942 1578 antica
960 1545 1106 1592 corporis
1123 1556 1213 1592 parte
1233 1556 1319 1578 extra
1336 1557 1451 1592 aquam
1479 1546 1510 1578 in
1544 1544 1623 1578 sicco
1637 1568 1649 1583 .,
1681 1540 1798 1590 postica
1820 1542 1852 1574 in

634 1592 795 1631 humido,
820 1594 886 1628 dies
907 1607 974 1629 non
993 1607 1111 1642 paucos
1127 1596 1260 1628 immota
1282 1592 1392 1629 sedere
1415 1605 1508 1628 amat.

732 1659 893 1694 Omnium
916 1661 1055 1694 maxime
1084 1658 1171 1694 deses
1196 1659 1340 1707 pluribus
1365 1659 1477 1694 diebus
1503 1660 1559 1693 vix
1587 1659 1658 1693 loco
1688 1666 1851 1690 movetur.

630 1708 784 1753 juniores
803 1721 894 1755 aeque
910 1709 1050 1748 defides,
1078 1709 1153 1744 albae
1174 1710 1269 1743 lineas
1286 1709 1370 1744 dorsi
1390 1708 1632 1753 longitudinales
1653 1707 1852 1753 interruptas

631 1756 764 1796 habent,
793 1757 1050 1794 transversalibus
1069 1758 1291 1796 destituuntur,

733 1823 843 1869 Hujus
870 1825 1033 1859 individua
1055 1837 1137 1858 anno
1166 1825 1291 1867 integro
1317 1823 1349 1855 in
1376 1820 1500 1856 vasculo
1526 1834 1606 1868 aqua
1634 1821 1758 1868 repleto
1776 1821 1852 1853 viva

631 1869 779 1909 servavi,
801 1874 871 1906 licet
888 1886 966 1920 aqua
983 1872 1134 1907 rariffime
1159 1882 1344 1908 novaretur.
1398 1873 1534 1918 Qtoties
1556 1883 1638 1918 vaqua
1664 1882 1774 1903 recens
1797 1869 1852 1902 ad-

632 1917 826 1955 fundebatur
844 1945 852 1959 ‚
883 1922 1026 1966 juniores
1054 1921 1145 1956 solito
1171 1922 1261 1955 citius
1287 1920 1484 1965 vagabantur
1501 1945 1509 1960 ‚
1545 1921 1714 1955 adultiores
1739 1931 1818 1953 vero
1840 1943 1850 1955 ‚

631 1970 702 2003 licet
719 1983 799 2017 aqua
820 1972 957 2005 ¹omniuo
973 1973 1198 2019 privarentur,
1228 1968 1400 2017 rursusque
1415 1983 1498 2004 nova
1515 1971 1558 2004 eis
1577 1969 1764 2006 adderetur,
1791 1969 1853 2011 im<

632 2019 769 2053 mobiles
788 2020 901 2055 eodem
920 2022 991 2055 loco
1014 2020 1239 2070 perdurabant.
1295 2020 1387 2054 Ultra
1402 2021 1474 2053 anni
1489 2020 1696 2067 quadrantem
1723 2018 1760 2052 ad
1793 2018 1851 2051 mi-

630 2069 759 2104 nimum
780 2068 843 2105 fine
857 2071 1018 2110 alimento,
1040 2072 1073 2106 in
1093 2069 1244 2106 intestinis
1273 2069 1460 2118 conspicuo,
1480 2072 1591 2105 vivere
1610 2066 1748 2117 poliunt,

1726 2136 1801 2167 Duo
