2062 2696
605 279 1104 324 HELMINTHICA.
1373 293 1409 319 11

242 381 397 422 tionem
456 378 549 421 facit
597 378 744 421 Clariff
793 378 939 432 Lyonet
980 375 1131 419 Theol.
1187 375 1255 418 des
1302 375 1469 418 Insefists

238 447 320 488 vol.
339 458 376 489 2.
395 459 434 500 p.
462 446 530 498 36.
554 460 604 487 an
623 448 664 486 in
676 445 845 497 Gordio,
867 457 917 485 an
952 444 994 484 in
1018 443 1228 485 Lambrico
1258 445 1468 499 variegato

239 512 360 565 saffira,
395 515 531 554 minus
558 512 693 567 liquet.

364 623 543 664 partium
561 621 786 664 amiffizrum
806 621 1135 663 &mutilatarum
1159 620 1463 675 redintegratio,

239 703 367 746 quam
387 691 429 729 in
448 689 658 743 Ivjusoriis
669 702 774 742 aegre
792 690 964 742 experiri
980 688 1091 739 licet,
1125 687 1406 730 Hel‘minthicis
1423 687 1465 727 δε

242 757 432 809 Testacezs
453 756 629 811 vulgaris
647 756 712 796 est.
778 756 824 796 In
841 768 924 796 uno
944 767 1078 795 tamen
1094 767 1243 807 genere
1266 752 1464 795 difficilius

238 836 363 878 quam
383 824 423 862 in
442 822 563 863 altero
586 821 788 876 procedit,
823 821 973 875 species
996 834 1163 875 quoque
1189 819 1371 873 ejusdem
1399 834 1465 873 ge-

236 891 340 930 neris
367 889 516 930 amissas
544 901 674 944 partes
716 886 866 928 facilius
891 899 959 928 aut
996 885 1193 927 difficilius
1228 887 1464 937 restituunt,

234 957 334 1011 quin
368 956 487 995 etiam
521 968 651 1008 partes
707 953 891 1005 ejusdem
922 952 1064 1005 speciei
1094 966 1178 993 non
1207 967 1322 1008 aeque
1349 952 1463 994 facile

234 1020 443 1076 pullulant.
509 1021 573 1060 Sic
598 1022 639 1060 in
663 1019 797 1060 Naide
827 1019 969 1074 quavis
985 1031 1077 1071 pars
1092 1017 1222 1059 amiffil
1245 1020 1345 1059 intra
1366 1032 1460 1072 pau-

233 1101 298 1128 cas
329 1086 447 1128 horas
474 1087 720 1137 restituitur,
754 1086 795 1125 in
817 1085 1026 1126 Lmnbrico
1056 1085 1146 1138 post
1176 1085 1313 1139 plures
1348 1084 1459 1138 dies;

231 1154 272 1195 in
289 1153 336 1194 L.
365 1153 539 1207 terrestri
558 1154 627 1193 vix
646 1153 773 1193 antica
789 1164 899 1206 pars,
918 1152 958 1192 in
974 1151 1243 1207 L.vcw2'egctt0
1266 1163 1457 1207 utraque,

231 1220 261 1262 fi
278 1220 345 1262 vel
365 1222 487 1261 vicies
507 1217 777 1261 transsecetur.

358 1331 580 1373 Vermium
608 1331 854 1387 terrestrium
876 1345 1073 1373 numerus
1099 1332 1199 1372 mire
1236 1329 1346 1370 exilis
1371 1327 1454 1381 est3

231 1398 473 1454 infusorii
506 1400 614 1439 enim
649 1412 761 1440 mere
795 1400 965 1454 aquatici
1007 1397 1124 1449 sunt,
1173 1395 1454 1438 helmz'nthi-

230 1479 397 1507 corum
416 1465 665 1506 Lumbrieus
684 1465 877 1518 terrestris
897 1464 998 1505 solus
1032 1476 1144 1505 terrae
1163 1462 1363 1517 indigena,
1383 1474 1452 1502 no-

230 1544 292 1572 tus
334 1531 377 1572 &
416 1531 595 1584 vulgaris
627 1530 660 1584 ἢ
684 1563 694 1582 ,
744 1533 807 1572 eui
851 1530 976 1572 socios
1016 1541 1121 1581 tres,
1177 1529 1454 1570 Lumbricum

228 1610 380 1651 nempe
413 1597 736 1648 vermicularem‚
770 1596 976 1638 Gordium
998 1596 1141 1651 filum,
1176 1595 1218 1637 &
1236 1594 1454 1636 Fasciolam

228 1663 448 1717 terrestrem
480 1663 694 1705 rariffimOS
722 1662 944 1717 adjungere
969 1661 1066 1703 mihi
1086 1663 1278 1716 contigit,
1311 1661 1453 1716 testa-

228 1744 419 1772 ceorum
454 1743 552 1770 vero
587 1729 742 1783 plures,
776 1729 1014 1785 aquatilibus
1048 1728 1138 1770 licet
1171 1742 1344 1770 numero
1380 1730 1451 1768 im-

228 1795 362 1838 mense
396 1795 622 1846 inferiores,
657 1806 804 1836 terram
837 1796 1029 1837 incolunt.

272 1875 303 1911 ‘>
319 1872 444 1902 Gordius
468 1872 632 1910 argillaceus
653 1871 715 1904 Lin,
736 1872 830 1901 minus
853 1880 954 1906 notus,
979 1872 1049 1900 mihi
1077 1881 1226 1911 nunquam
1259 1872 1359 1901 obvius
1389 1871 1450 1902 fuit.

400 1911 488 1942 Sensu
515 1912 643 1941 striffiori
677 1923 751 1942 nova
786 1914 832 1942 illa
863 1912 992 1942 Fasciolae
1016 1912 1139 1951 species,
1181 1924 1266 1952 quam
1294 1913 1450 1942 terrestrem

400 1964 489 1988 voco,
516 1954 655 1982 vermium
679 1953 765 1989 solus,
790 1954 922 1984 testaceos
945 1953 964 1982 fi
984 1955 1120 1993 excipias,
1143 1955 1226 1993 supra
1249 1962 1351 1983 terram
1377 1954 1455 1982 habi-

399 2003 438 2024 tat
453 2016 460 2029 ‚
491 1995 629 2024 nominati
644 1996 768 2034 reliqui,
795 2004 906 2025 terrena
932 1996 1120 2031 terebrantes,
1150 1998 1223 2026 intra
1245 1995 1453 2026 humidiuscula

401 2036 522 2075 degunt.
914 2122 1083 2129 m

773 2144 802 2185 B
839 2154 862 2186 2
1238 2139 1390 2183 GENS
