2062 2696
722 311 777 337 20
1056 286 1432 338 sNFVSORIA.
1470 286 1474 290 ’

781 393 953 450 Qoties
998 390 1229 433 substantias
1276 391 1468 433 animales
1518 392 1560 433 δε
1594 392 1844 446 vegetabiles

653 464 927 503 maceratione
960 463 1001 502 in
1035 461 1266 515 pelliculam
1302 461 1563 502 vesicularem
1596 462 1741 515 redigi,
1767 463 1845 502 ani-

653 531 911 586 malculaque
945 530 1140 581 vesiculiS,
1174 542 1293 571 motu
1328 543 1521 585 excepto,
1557 530 1752 571 simillima
1773 533 1846 571 eir-

654 613 699 641 ca
735 600 840 640 hanc
876 599 1022 641 versari
1056 599 1264 650 viderem,
1308 613 1406 641 cum
1441 600 1655 655 perillustri
1688 601 1847 642 Bonnet

654 669 724 710 diu
759 670 1003 719 existimavi,
1056 671 1234 709 viventia
1276 668 1360 709 haec
1402 683 1454 711 ex
1494 683 1587 710 aere
1627 683 1742 724 aquae
1774 669 1847 708 im-

651 740 779 779 mixta
814 738 910 787 esse,
955 737 1170 792 spretaque
1211 739 1325 778 omni
1374 737 1642 780 veficularum
1683 737 1725 779 &
1766 738 1846 778 ani-

650 807 930 848 malculorum
964 807 1188 858 identitate,
1224 820 1377 861 corpus
1420 808 1665 863 organicum
1696 820 1721 849 a
1752 805 1846 848 bru-

651 887 692 917 to
728 875 769 917 81
804 875 896 917 rudi
930 888 1053 917 motu
1085 874 1327 930 spontaneO,
1362 889 1564 932 quantum
1599 875 1654 917 stit
1686 876 1755 927 est,
1790 875 1846 917 di-

649 945 808 999 stingui.
854 946 1071 1001 Postquam
1091 958 1191 985 vero
1213 945 1517 987 observaverim
1545 945 1735 1000 globulos
1755 958 1846 999 cry-

649 1015 824 1056 stallinos
840 1013 1070 1068 fungorum
1090 1015 1331 1066 (terminum
1348 1016 1504 1070 quippe
1514 1016 1783 1070 vegetationis
1802 1015 1844 1055 in

649 1082 773 1134 hisce,
794 1097 871 1137 pro
891 1086 946 1124 uti
967 1086 1007 1124 in
1019 1083 1187 1125 floribus
1213 1083 1352 1137 pollen
1371 1083 1634 1124 anthei-arum
1653 1083 1847 1138 globulos

648 1152 759 1193 haud
794 1151 992 1193 absimiles
1036 1149 1273 1205 continens)
1308 1152 1558 1194 animalculis
1593 1154 1700 1194 circa
1734 1152 1845 1207 pelli-

652 1221 787 1263 culam
847 1221 1112 1264 vcficularem
1167 1220 1419 1263 versantibus
1477 1221 1698 1264 simillimos
1750 1222 1846 1274 esse,

647 1293 689 1334 &
725 1295 766 1334 in
806 1293 1009 1334 filamenta
1057 1290 1160 1345 saepe
1199 1289 1284 1345 ipso
1326 1288 1461 1346 fungo
1508 1291 1694 1347 longiora
1737 1294 1847 1334 varia

648 1363 961 1404 coacervatione
1000 1360 1134 1411 abire,
1189 1373 1458 1416 mueumque,
1502 1373 1554 1402 ex
1596 1374 1679 1416 q-uo
1727 1358 1847 1416 fungi

647 1433 864 1481 oriuntur,
899 1429 977 1471 esse
1010 1429 1214 1470 filamenta
1242 1426 1431 1482 ejusdem
1453 1440 1607 1471 naturae
1631 1430 1673 1471 &
1700 1428 1848 1472 diversi

647 1501 872 1542 voluminis
906 1512 1086 1553 corpora
1119 1500 1253 1540 vicina
1287 1500 1398 1540 varie
1431 1498 1687 1552 obrepentia,
1721 1500 1847 1555 inque

646 1568 827 1623 fungum
851 1567 1087 1618 enascentia,
1122 1566 1236 1622 quid,
1270 1567 1384 1622 quod
1418 1567 1538 1621 ipsius
1556 1569 1746 1610 Mucoris
1762 1566 1846 1622 spe-

646 1640 728 1680 cies
779 1636 925 1679 talibus
972 1635 1151 1692 globulis
1191 1637 1411 1690 componi,
1454 1635 1505 1677 ad
1541 1634 1846 1679 observationes

645 1706 963 1761 microscopicas
1003 1705 1117 1747 redii.
1183 1704 1283 1760 Jam
1327 1705 1471 1757 oculo,
1510 1707 1624 1747 omni
1666 1705 1848 1747 adhibita

646 1790 773 1829 cura,
808 1789 860 1817 ne
895 1775 1181 1830 deciperetur,
1213 1776 1371 1827 (motus
1404 1776 1515 1816 enim
1550 1774 1751 1816 tardus&
1771 1786 1847 1816 tre-

647 1846 783 1887 mulus
825 1845 1138 1896 molecularum,
1174 1846 1216 1885 in
1256 1842 1468 1898 superficie
1501 1843 1671 1899 guttulae
1702 1856 1846 1899 aggre-

642 1926 831 1970 g-atarum
864 1913 906 1955 8:
937 1912 1193 1967 simplicium,
1229 1912 1333 1968 saepe
1368 1927 1419 1955 ox
1444 1913 1568 1955 halitu
1596 1911 1848 1958 observantis

642 1982 839 2038 exoritur,
857 1996 909 2024 ex
935 1993 1054 2024 motu
1081 1984 1218 2024 vicino
1236 1996 1499 2039 quocunque,
1517 1984 1638 2023 etiam
1667 1980 1846 2023 vehiculi

641 2052 751 2094 adeo‘
765 2053 926 2104 remoti,
953 2062 999 2093 ut
1026 2064 1079 2092 ne
1107 2051 1273 2093 auribus
1294 2051 1463 2107 quidem
1487 2052 1751 2106 percipiatur,
1767 2063 1846 2092 nec

641 2135 748 2175 raro,
773 2122 978 2175 imprimis
1008 2120 1037 2163 fi
1059 2119 1303 2163 adhibeatur
1330 2119 1648 2176 microseopium
1673 2131 1845 2174 compo-

1661 2188 1782 2233 fitum
