2062 2696
645 304 666 339 8
944 266 1443 337 HELMJNTHJCA.

575 390 674 425 iacula
691 391 756 426 duo
782 392 821 427 ad
853 391 977 439 apicem
1018 388 1198 426 craffiorem
1237 391 1381 425 animalis
1405 388 1604 439 punitorum
1638 390 1807 427 minutisli-

572 469 703 491 morum
731 455 825 491 instar
856 470 964 505 parva.
1019 455 1155 492 Incessus
1196 458 1330 491 omniuo
1356 458 1494 490 Limacis
1515 469 1582 490 non
1603 458 1774 492 Hirudinis
1793 482 1802 498 ,

573 521 614 563 &
633 521 810 578 denique
834 524 875 564 in
902 522 992 576 Syst:
1022 522 1153 576 1767.
1172 536 1282 563 nova
1301 522 1416 563 datur
1438 520 1646 576 descriptio
1667 522 1805 577 figuris

573 588 632 630 Cl.
668 589 869 642 Schaeffhri
895 591 1163 630 conveniens:
1198 606 1318 641 corpus
1330 604 1448 639 nempe
1467 603 1608 631 ovatum,
1625 591 1806 627 antrorsum

571 655 805 694 acuminatum,
841 668 897 690 ore
921 669 1005 704 poro
1027 656 1196 693 eminente.
1249 654 1360 694 Hinc
1377 651 1601 693 conferenti
1618 651 1804 694 manifes-

571 730 660 759 tum
678 719 762 769 est,
808 718 1001 773 oppositis
1035 719 1231 760 attributis
1281 716 1431 759 diversa
1469 719 1704 761 animalcula
1740 718 1804 760 de-

571 784 702 838 scribi3
737 785 764 825 si
790 787 900 826 enim
930 784 1100 826 Fasciola
1136 787 1284 826 itineris
1326 785 1540 828 Gothland.
1573 784 1803 827 conferatur

571 865 668 892 cum
701 852 834 891 nostra
870 853 1059 892 varietate
1077 852 1110 893 F
1113 852 1184 893 asc.
1212 851 1344 893 latsleae
1368 851 1410 892 ὅ(
1429 851 1577 892 Limax
1615 853 1803 894 amoenit.

569 919 679 958 acad.
743 931 841 959 cum
891 919 1024 959 nostra
1087 919 1336 960 tentat-ulam
1352 950 1362 969 ‚
1425 917 1589 959 easdem
1636 917 1802 959 indicari

569 997 590 1024 a
633 985 799 1024 veritate
843 997 929 1024 non
970 984 1130 1026 videtur
1170 985 1359 1027 alienum.
1457 985 1536 1026 His
1574 987 1773 1025 convenit
1789 1015 1801 1036 ‚

568 1049 685 1105 qvod
704 1048 797 1091 falso
821 1049 871 1090 de
891 1049 1072 1104 hepatica
1092 1051 1331 1092 enunciatur
1348 1064 1356 1091 :
1402 1051 1436 1084 in
1451 1050 1602 1085 omnibus
1625 1049 1695 1085 fere
1714 1052 1800 1086 rivu-

566 1116 603 1150 lis
630 1116 661 1150 ἃ
676 1117 857 1164 paludibus,
875 1114 960 1150 foliis
978 1116 1151 1151 herbarum
1169 1117 1393 1165 lapidibusque
1414 1114 1603 1163 frequenter
1620 1116 1797 1156 adhaerere,

567 1195 728 1223 amoen,
759 1182 842 1224 vol,
863 1193 902 1234 4,
932 1195 973 1235 p,
1005 1183 1103 1232 186,
1138 1184 1170 1216 in
1193 1183 1281 1229 aquis
1314 1181 1475 1219 dulcibus,
1501 1179 1606 1220 soffis,
1634 1182 1745 1216 rivulis
1761 1184 1800 1219 ad

566 1248 686 1283 radices
706 1248 865 1295 lapidum,
895 1247 1061 1299 (rectius
1081 1247 1131 1288 ad
1152 1247 1304 1289 radices
1320 1245 1593 1287 herbarum&
1611 1245 1681 1288 sub
1703 1247 1796 1301 lapi-

568 1313 733 1366 dibus.)
767 1313 868 1368 Syst.
895 1328 935 1369 p.
967 1326 1096 1368 1077.
1119 1328 1164 1356 ac
1197 1312 1364 1355 effatum
1384 1311 1520 1353 clariss.
1558 1311 1766 1366 ,Schaefferi
1784 1327 1796 1355 :

567 1384 708 1418 hirudo·
735 1386 883 1419 limacem
910 1381 1162 1433 (Fasciolam
1180 1379 1430 1435 hepaticam)
1464 1385 1637 1431 inquirenti
1677 1384 1796 1433 ubique

567 1449 599 1484 in
624 1451 712 1497 aquis
731 1451 761 1484 iu
782 1448 886 1484 sensus
903 1447 1114 1484 incursurum.
1169 1448 1262 1489 Nec
1297 1449 1432 1488 rninUS
1478 1449 1674 1504 singulare
1712 1451 1767 1491 est
1783 1483 1795 1503 ‚

567 1514 702 1556 clarislI
735 1516 993 1556 Schrvbemtm
1040 1517 1079 1555 in
1107 1514 1288 1555 versione
1324 1517 1412 1556 itin.
1438 1517 1564 1571 gothl.
1594 1529 1632 1570 p.
1668 1528 1793 1568 201.‚

567 1595 620 1621 ex
639 1581 981 1623 observationibus
998 1581 1199 1634 Schafferi
1215 1580 1264 1621 de
1283 1581 1315 1621 F
1317 1580 1387 1622 asc.
1409 1581 1611 1636 hepatica,
1638 1584 1791 1636 opinio-

565 1649 606 1688 ni
628 1647 847 1689 Linneanae
872 1647 1157 1689 certitudinem
1180 1647 1354 1688 tribuere
1374 1679 1384 1699 ‚
1419 1661 1515 1689 cum
1545 1647 1609 1689 hic
1627 1648 1791 1690 Hirudi-

564 1716 627 1755 nis
648 1713 746 1756 albae
800 1715 819 1768 (
847 1713 950 1756 Fase.
982 1714 1114 1756 lac7eae
1147 1713 1166 1768 )
1223 1713 1274 1755 de
1322 1728 1400 1769 qua
1450 1716 1490 1754 in
1533 1715 1613 1754 itin.
1663 1714 1793 1768 gothl.

565 1779 695 1821 sermo
738 1782 794 1822 est
812 1815 822 1833 ,
871 1796 922 1822 ne
945 1781 1073 1823 verbo
1116 1779 1288 1836 qvidem
1327 1780 1570 1820 meminerit.
1637 1781 1789 1838 Neque

564 1860 690 1900 quam
714 1849 753 1888 in
775 1850 888 1903 aquis
911 1849 1068 1901 reperit.
1100 1846 1287 1886 celeberr.
1322 1845 1480 1897 Pallasg,
1516 1845 1657 1887 eadem
1691 1861 1789 1891 cum

562 1912 708 1953 hilaria
735 1913 895 1953 videtur
914 1946 923 1963 ‚
972 1913 1064 1953 licet
1089 1913 1340 1965 argumentis
1360 1912 1561 1965 Schaefferi
1585 1914 1787 1967 persuasus

562 1980 603 2018 in
630 1977 859 2019 sententiam
886 1979 1138 2020 Linneanam
1169 1978 1414 2020 descenderit
1435 1993 1445 2032 3
1501 1993 1576 2021 nec
1604 1980 1787 2023 Fasciolae

565 2046 701 2099 primo
724 2047 869 2086 intuitu
889 2046 1095 2087 simillimae
1117 2044 1246 2098 specie
1271 2045 1422 2086 eaedem
1443 2045 1531 2088 sunt
1550 2080 1559 2098 ‚
1596 2049 1784 2090 omnium

565 2113 673 2151 enim
696 2112 750 2152 est
766 2112 807 2153 δε
826 2111 900 2153 effe
917 2112 1038 2154 debet
1053 2112 1231 2168 aliqvalis
1252 2112 1476 2155 similitudo.
1584 2170 1619 2211 C

1622 2181 1721 2224 aput
