2062 2696
620 276 651 313 6
915 273 1428 319 HELMINTHICA.

690 369 749 411 Ut
776 368 872 411 huic
891 372 1098 424 opinioni,
1133 373 1341 414 autoritate
1375 372 1585 414 illustrium
1620 373 1791 417 historiae

562 436 750 479 naturalis
764 435 982 478 doum-um
1000 436 1308 491 ingravescenti,
1331 452 1537 480 remoram
1559 439 1791 493 injicerem,

562 515 657 544 nota
675 503 713 557 *)
747 504 976 545 intestinalia
1004 517 1143 545 eontra
1163 506 1297 557 operis
1318 504 1487 559 scopum
1513 505 1594 547 hue
1623 506 1791 558 admisi,

562 570 790 612 decantatas
820 584 971 624 nempe
1007 569 1216 624 Asc-arides
1248 570 1290 611 &
1322 570 1536 625 Fufi-iolam
1572 584 1792 625 autorum,-

567 637 747 678 Toem‘am
774 669 784 688 ,
845 650 945 677 cum
986 650 1200 692 nunquam
1238 639 1378 678 vivam
1414 638 1609 691 viderim,
1666 639 1793 680 omisi.

564 703 632 745 Ex
662 715 824 744 externa
851 716 1018 758 quoque
1054 703 1258 744 thmbrici
1290 703 1332 744 8<
1363 703 1566 759 Ascaridis
1598 704 1795 747 strufihlra

564 769 667 810 infra
698 768 953 810 describenda
985 768 1209 810 luculenter
1237 782 1374 824 patet,
1424 769 1499 811 hos
1550 785 1711 813 vermes
1750 770 1796 812 δε

570 835 698 890 speeie
738 836 780 876 ἃ
819 849 969 889 genere
1007 833 1194 889 differre3
1259 836 1534 878 Lumbrieum
1575 838 1796 890 terrestrem

566 916 736 958 quoque
758 901 809 943 ab
839 901 1052 955 int-estinan
1068 933 1077 952 ,
1113 903 1183 957 qui
1214 916 1309 943 vera
1339 902 1494 945 Ascaris
1524 905 1606 955 est,
1656 904 1698 945 δε
1724 903 1794 945 sub

566 971 734 1010 nomine
773 967 969 1009 Asearidis
1005 967 1292 1008 Lmnbricoiclis
1329 970 1467 1020 venit,
1509 968 1795 1025 Ascaridesque

568 1034 850 1077 vermiculares
871 1047 892 1074 a
908 1033 1028 1074 larvis
1047 1031 1313 1084 infestorum,
1348 1047 1446 1076 cum
1469 1035 1617 1091 quibus
1642 1047 1687 1077 ut
1709 1035 1795 1090 plu-

567 1103 720 1142 rimum
744 1099 1054 1141 confunduntur
1074 1131 1085 1150 ,
1120 1099 1398 1141 diverfiffimas
1428 1101 1529 1152 esse,
1563 1115 1608 1143 ut
1638 1100 1795 1155 conjec-

569 1178 701 1208 turam
728 1165 862 1207 elariss.
893 1165 1186 1218 Kratzenstez'n,
1221 1165 1383 1206 easdem
1409 1180 1459 1207 ex
1485 1168 1617 1209 ovulis
1644 1167 1796 1209 museil-

570 1233 702 1274 larum
719 1233 835 1283 oriri',
850 1233 1029 1272 maxime
1047 1230 1371 1286 improbabilem,
1383 1232 1534 1274 filemio
1552 1245 1798 1287 praeteream.

573 1300 638 1342 Sic
668 1297 876 1341 Ascarides
903 1298 1001 1340 Redi
1025 1309 1092 1352 op.
1118 1297 1198 1339 vol.
1223 1309 1259 1341 Ι.
1280 1297 1357 1340 tab.
1384 1309 1452 1342 10.
1469 1332 1479 1351 ,
1513 1297 1539 1340 f.
1574 1310 1623 1353 5.,
1676 1298 1799 1354 Pheffi

571 1365 655 1407 hist.
681 1378 706 1406 t.
741 1377 774 1409 1.
793 1365 820 1407 f.
845 1376 905 1416 2.,
939 1364 1024 1405 &n
1045 1376 1081 1418 3.
1102 1396 1112 1415 ,
1146 1362 1173 1405 f.
1200 1375 1235 1416 5.
1303 1365 1444 1407 Clerici
1465 1365 1506 1408 h.
1525 1365 1676 1408 lumbr.
1702 1378 1731 1408 t.
1756 1378 1799 1421 4

573 1431 599 1474 f.
627 1444 659 1486 5.
680 1433 826 1483 larvas,
861 1431 999 1488 quales
1023 1431 1191 1473 Bianchi
1221 1431 1354 1473 morb.
1377 1431 1414 1472 h.
1443 1444 1471 1474 t.
1498 1444 1535 1487 3.
1559 1431 1587 1475 f.
1612 1445 1676 1477 11.
1705 1444 1799 1488 12.;

579 1500 743 1542 Vallis-n.
765 1512 831 1552 op.
853 1498 935 1540 vol.
967 1509 1000 1540 1.
1032 1510 1058 1538 t.
1091 1508 1181 1549 21„
1215 1496 1243 1539 f.
1269 1509 1301 1550 5.
1327 1511 1422 1539 nov,
1452 1498 1525 1540 ast.
1555 1512 1632 1542 nat.
1660 1499 1800 1541 curiofi

574 1577 673 1607 tom.
698 1578 762 1618 4.,
796 1577 824 1609 t,
845 1575 884 1618 7.
912 1563 937 1605 f.
962 1575 1021 1615 1.,
1055 1564 1096 1605 δε
1117 1576 1143 1605 t.
1158 1575 1199 1617 9.
1225 1562 1251 1605 fi
1279 1576 1311 1607 Ι.
1334 1575 1370 1607 2.
1396 1575 1460 1607 10.
1490 1564 1681 1619 suspicor,
1701 1565 1800 1606 simi-

574 1632 631 1674 les
666 1631 763 1672 mihi
795 1634 836 1672 in
864 1629 1018 1671 muscas
1046 1643 1208 1672 mutatae
1232 1629 1328 1672 sunt.
1395 1630 1538 1672 {tidem
1563 1631 1800 1683 vermiculi,

574 1712 598 1740 a
640 1697 728 1739 sene
758 1711 855 1739 eum
892 1699 1007 1738 urina
1040 1699 1214 1748 excreti,
1253 1697 1420 1738 Bianchi
1451 1709 1475 1736 t.
1509 1708 1546 1751 3,
1571 1695 1599 1739 f.
1635 1708 1723 1750 17.‚
1757 1697 1801 1740 δε

574 1763 720 1805 naffiles
750 1776 774 1805 t.
805 1776 843 1819 3.
868 1763 895 1806 f.
918 1774 989 1818 23.
1018 1763 1060 1805 ὃ(
1085 1762 1115 1806 f,
1137 1775 1206 1817 25.
1241 1776 1337 1804 vere
1372 1761 1492 1804 larvae
1524 1762 1612 1805 sunt
1631 1796 1641 1816 ‚
1674 1763 1700 1806 f.
1732 1765 1799 1808 16.

577 1830 653 1871 elle
678 1830 850 1871 videtur,

1533 1897 1739 1939 Sententia

624 2008 655 2047 ι’>*)
679 2007 854 2047 Ignotorurn
878 2014 1014 2036 numerus
1036 2011 1133 2040 tantus
1155 2005 1194 2035 est
1216 2006 1247 2035 in
1268 2005 1444 2036 terrestribus
1468 2005 1499 2037 ὃς
1524 2007 1709 2045 aquatilibus,
1726 2006 1803 2046 pisci-

752 2059 806 2087 bus
830 2057 998 2097 praesertim,
1022 2066 1054 2089 ut
1076 2068 1176 2089 eorum
1198 2058 1339 2097 inquisitio
1364 2065 1452 2088 totam
1474 2058 1595 2090 hominis
1619 2061 1704 2090 vitam
1735 2071 1800 2092 con-

751 2110 881 2141 sumeret.
